@Misc{ticlwebsite,
    author  = "{CMS HGCAL DPG}",
    title   = "HGCAL Reconstruction Website TICL",
    year    = "2020",
    url     = "http://hgcal.web.cern.ch/hgcal/Reconstruction/TICL",
}

@Misc{hllhcweb,
  author    = "{Large Hadron Collider}",
  title     = "Schedules and luminosity forecasts",
  year      = "2015",
  url       = "https://lhc-commissioning.web.cern.ch/lhc-commissioning/schedule/HL-LHC-plots.htm",
}





@article{Chen:2020mih,
    author = "Chen, Ziheng and Di Pilato, Antonio and Pantaleo, Felice and Rovere, Marco",
    editor = "Doglioni, C. and Kim, D. and Stewart, G.A. and Silvestris, L. and Jackson, P. and Kamle, W.",
    title = "{GPU-based Clustering Algorithm for the CMS High Granularity Calorimeter}",
    doi = "10.1051/epjconf/202024505005",
    journal = "EPJ Web Conf.",
    volume = "245",
    pages = "05005",
    year = "2020"
}


@article{DiPilato:2020mqs,
    author = "Di Pilato, Antonio and Chen, Ziheng and Pantaleo, Felice and Rovere, Marco",
    title = "{Reconstruction in an imaging calorimeter for HL-LHC}",
    eprint = "2004.10027",
    archivePrefix = "arXiv",
    primaryClass = "physics.ins-det",
    doi = "10.1088/1748-0221/15/06/C06023",
    journal = "JINST",
    volume = "15",
    number = "06",
    pages = "C06023",
    year = "2020"
}


@inproceedings{Chatrchyan:2008aa,
      author         = "Chatrchyan, S. and others",
      title          = "{The CMS Experiment at the CERN LHC}",
      collaboration  = "CMS",
      journal        = "JINST",
      volume         = "3",
      year           = "2008",
      pages          = "S08004",
      doi            = "10.1088/1748-0221/3/08/S08004",
}

%%%%%%%%%%%%%%%%%%%%%%%%%%%%
% HGCAL
%%%%%%%%%%%%%%%%%%%%%%%%%%%%

% CLUE paper
@inproceedings{cluepaper,
    author  = {Marco Rovere and Ziheng Chen and Antonio {Di Pilato} and Felice Pantaleo and Chris Seez},
    title   = {CLUE: A Fast Parallel Clustering Algorithm for High Granularity Calorimeters in High Energy Physics},
    year    = {2020},
    eprint  = {arXiv:2001.09761},
}


% phase2 proposal
@inproceedings{CMSCollaboration:2015zni,
  author        = "Contardo, D. and Klute, M. and Mans, J. and Silvestris, L. and Butler, J.",
  collaboration = "CMS",
  title         = "Technical Proposal for the Phase-II Upgrade of the CMS Detector",
  year          = "2015",
  reportNumber  = "CERN-LHCC-2015-010, LHCC-P-008, CMS-TDR-15-02",
}






%CFSFDP
@inproceedings{rodriguez2014clustering,
  title     ={Clustering by fast search and find of density peaks},
  author    ={Rodriguez, Alex and Laio, Alessandro},
  journal   ={Science},
  volume    ={344},
  number    ={6191},
  pages     ={1492--1496},
  year      ={2014},
  publisher ={American Association for the Advancement of Science},
  issn      ={0036-8075},
  URL       ={https://science.sciencemag.org/content/344/6191/1492},
}













%%%%%%%%%%%%%%%%%%%%%%%%%%%%
% CALICE
%%%%%%%%%%%%%%%%%%%%%%%%%%%%

@article{calice2012calorimetry,
    title={Calorimetry for Lepton Collider Experiments - CALICE results and activities},
    collaboration = "CALICE",
    author        = "CALICE Collaboration",
    year={2012},
    eprint={1212.5127},
    archivePrefix={arXiv},
    primaryClass={physics.ins-det}
}

%%%%%%%%%%%%%%%%%%%%%%%%%%%%
% HGCAL
%%%%%%%%%%%%%%%%%%%%%%%%%%%%

@techreport{Collaboration:2293646,
      author        = "CMS Collaboration",
      title         = "{The Phase-2 Upgrade of the CMS Endcap Calorimeter}",
      institution   = "CERN",
      collaboration = "CMS",
      address       = "Geneva",
      number        = "CERN-LHCC-2017-023. CMS-TDR-019",
      month         = "Nov",
      year          = "2017",
      reportNumber  = "CERN-LHCC-2017-023",
      URL           = "https://cds.cern.ch/record/2293646",
}

%%%%%%%%%%%%%%%%%%%%%%%%%%%
% HL-LHC TDR
%%%%%%%%%%%%%%%%%%%%%%%%%%%

@book{Apollinari:2284929,
      author        = "Apollinari, G. and Béjar Alonso, I. and Brüning, O. and
                       Fessia, P. and Lamont, M. and Rossi, L. and Tavian, L.",
      title         = "{High-Luminosity Large Hadron Collider (HL-LHC): Technical
                       Design Report V. 0.1}",
      publisher     = "CERN",
      address       = "Geneva",
      series        = "CERN Yellow Reports: Monographs",
      year          = "2017",
      url           = "https://cds.cern.ch/record/2284929",
      doi           = "10.23731/CYRM-2017-004",
}

% HGCAL ICHEP 2016 talk
@article{Chlebana:2017okk,
      author         = "Chlebana, Frank",
      title          = "{Challenges of particle flow reconstruction in the CMS
                        High-Granularity Calorimeter at the High-Luminosity LHC}",
      booktitle      = "{Proceedings, 17th International Conference on
                        Calorimetry in Particle Physics (CALOR 2016): Daegu,
                        Republic of Korea, May 15-20, 2016}",
      collaboration  = "CMS",
      journal        = "J. Phys. Conf. Ser.",
      volume         = "928",
      year           = "2017",
      number         = "1",
      pages          = "012027",
      doi            = "10.1088/1742-6596/928/1/012027",
      reportNumber   = "CMS-CR-2016-151",
      SLACcitation   = "%%CITATION = 00462,928,012027;%%"
}

% imaging Algo
@inproceedings{Chen:2017btc,
      author         = "Chen, Ziheng and Lange, Clemens and Meschi, Emilio and
                        Scott, Edward and Seez, Chris",
      title          = "{Offline Reconstruction Algorithms for the CMS High
                        Granularity Calorimeter for HL-LHC}",
      booktitle      = "{Proceedings, 2017 IEEE Nuclear Science Symposium and
                        Medical Imaging Conference and 24th international
                        Symposium on Room-Temperature Semiconductor X-Ray \&
                        Gamma-Ray Detectors (NSS/MIC 2017): Atlanta, Georgia, USA,
                        October 21-28, 2017}",
      collaboration  = "CMS",
      year           = "2018",
      pages          = "8532605",
      doi            = "10.1109/NSSMIC.2017.8532605",
      reportNumber   = "CMS-CR-2017-408",
      SLACcitation   = "%%CITATION = CMS-CR-2017-408;%%"
}

%%%%%%%%%%%%%%%%%%%%%%%%%%%%
% clustering algorithms
%%%%%%%%%%%%%%%%%%%%%%%%%%%%

% scikit learn
@article{scikit-learn,
 title={Scikit-learn: Machine Learning in {P}ython},
 author={Pedregosa, F. and Varoquaux, G. and Gramfort, A. and Michel, V.
         and Thirion, B. and Grisel, O. and Blondel, M. and Prettenhofer, P.
         and Weiss, R. and Dubourg, V. and Vanderplas, J. and Passos, A. and
         Cournapeau, D. and Brucher, M. and Perrot, M. and Duchesnay, E.},
 journal={Journal of Machine Learning Research},
 volume={12},
 pages={2825--2830},
 year={2011}
}

% kmean
@article{lloyd1982least,
  title={Least squares quantization in PCM},
  author={Lloyd, Stuart},
  journal={IEEE transactions on information theory},
  volume={28},
  number={2},
  pages={129--137},
  year={1982},
  publisher={IEEE}
}

% CLUE
@misc{rovere2020clue,
    title={CLUE: A Fast Parallel Clustering Algorithm for High Granularity Calorimeters in High Energy Physics},
    author={Marco Rovere and Ziheng Chen and Antonio Di Pilato and Felice Pantaleo and Chris Seez},
    year={2020},
    eprint={2001.09761},
    archivePrefix={arXiv},
    primaryClass={physics.ins-det}
}

%optics
@inproceedings{Ankerst:1999:OOP:304182.304187,
 author = {Ankerst, Mihael and Breunig, Markus M. and Kriegel, Hans-Peter and Sander, J\"{o}rg},
 title = {OPTICS: Ordering Points to Identify the Clustering Structure},
 booktitle = {Proceedings of the 1999 ACM SIGMOD International Conference on Management of Data},
 series = {SIGMOD '99},
 year = {1999},
 isbn = {1-58113-084-8},
 location = {Philadelphia, Pennsylvania, USA},
 pages = {49--60},
 numpages = {12},
 url = {http://doi.acm.org/10.1145/304182.304187},
 doi = {10.1145/304182.304187},
 acmid = {304187},
 publisher = {ACM},
 address = {New York, NY, USA},
 keywords = {cluster analysis, database mining, visualization},
}

%DBSCAN
@inproceedings{Ester:1996:DAD:3001460.3001507,
 author = {Ester, Martin and Kriegel, Hans-Peter and Sander, J\"{o}rg and Xu, Xiaowei},
 title = {A Density-based Algorithm for Discovering Clusters a Density-based Algorithm for Discovering Clusters in Large Spatial Databases with Noise},
 booktitle = {Proceedings of the Second International Conference on Knowledge Discovery and Data Mining},
 series = {KDD'96},
 year = {1996},
 location = {Portland, Oregon},
 pages = {226--231},
 numpages = {6},
 url = {http://dl.acm.org/citation.cfm?id=3001460.3001507},
 acmid = {3001507},
 publisher = {AAAI Press},
 keywords = {arbitrary shape of clusters, clustering algorithms, efficiency on large spatial databases, handling nlj4-275oise},
}

%mrscan, GPU DBSCAN
@inproceedings{welton2013mr,
  title={Mr. scan: Extreme scale density-based clustering using a tree-based network of gpgpu nodes},
  author={Welton, Benjamin and Samanas, Evan and Miller, Barton P},
  booktitle={SC'13: Proceedings of the International Conference on High Performance Computing, Networking, Storage and Analysis},
  pages={1--11},
  year={2013},
  organization={IEEE}
}

%g-dbscan, GPU DBSCAN via graph
@article{andrade2013g,
  title={G-dbscan: A gpu accelerated algorithm for density-based clustering},
  author={Andrade, Guilherme and Ramos, Gabriel and Madeira, Daniel and Sachetto, Rafael and Ferreira, Renato and Rocha, Leonardo},
  journal={Procedia Computer Science},
  volume={18},
  pages={369--378},
  year={2013},
  publisher={Elsevier}
}

% GDILC
@inproceedings{yanchang2001gdilc,
  title={GDILC: a grid-based density-isoline clustering algorithm},
  author={Yanchang, Zhao and Junde, Song},
  booktitle={2001 International Conferences on Info-Tech and Info-Net. Proceedings (Cat. No. 01EX479)},
  volume={3},
  pages={140--145},
  year={2001},
  organization={IEEE}
}

% string
@inproceedings{wang1997sting,
  title={STING: A statistical information grid approach to spatial data mining},
  author={Wang, Wei and Yang, Jiong and Muntz, Richard and others},
  booktitle={VLDB},
  volume={97},
  pages={186--195},
  year={1997}
}


%%%%%%%%%%%%%%%%%%%%%%%%%%%%
% clustering reviews
%%%%%%%%%%%%%%%%%%%%%%%%%%%%

% ancient review of clustering
@misc{dubes1988algorithms,
  title={Algorithms for clustering data},
  author={Dubes, Richard C and Jain, Anil K},
  year={1988},
  publisher={Prentice hall Englewood Cliffs}
}


% early review of clustering
@article{fraley1998many,
  title={How many clusters? Which clustering method? Answers via model-based cluster analysis},
  author={Fraley, Chris and Raftery, Adrian E},
  journal={The computer journal},
  volume={41},
  number={8},
  pages={578--588},
  year={1998},
  publisher={Oxford University Press}
}


% book of data mining, review of clustering algo
@book{maimon2005data,
  title={Data Mining and Knowledge Discovery Handbook},
  author={Maimon, Oded and Rokach, Lior},
  year={2005},
  publisher={Springer}
}


% book of data mining2
@book{han2011data,
  title={Data mining: concepts and techniques},
  author={Han, Jiawei and Pei, Jian and Kamber, Micheline},
  year={2012},
  publisher={Elsevier}
}


%%%%%%%%%%%%%%%%%%%%%%%%%%%%
% spatial index
%%%%%%%%%%%%%%%%%%%%%%%%%%%%
% Great textbook of spatial index. P202
@book{rigaux2001spatial,
  title={Spatial databases: with application to GIS},
  author={Rigaux, Philippe and Scholl, Michel and Voisard, Agnes},
  year={2001},
  publisher={Elsevier}
}

% review of major spatial index approaches in 1970s
@article{bentley1979data,
  title={Data structures for range searching},
  author={Bentley, Jon Louis and Friedman, Jerome H},
  journal={ACM Computing Surveys (CSUR)},
  volume={11},
  number={4},
  pages={397--409},
  year={1979},
  publisher={ACM}
}

% the earliest application of grid index in computing physics
@article{levinthal1966molecular,
  title={Molecular model-building by computer},
  author={Levinthal, Cyrus},
  journal={Scientific american},
  volume={214},
  number={6},
  pages={42--53},
  year={1966},
  publisher={JSTOR}
}


% kdtree
@article{Bentley:1975:MBS:361002.361007,
 author = {Bentley, Jon Louis},
 title = {Multidimensional Binary Search Trees Used for Associative Searching},
 journal = {Commun. ACM},
 issue_date = {Sept. 1975},
 volume = {18},
 number = {9},
 month = sep,
 year = {1975},
 issn = {0001-0782},
 pages = {509--517},
 numpages = {9},
 url = {http://doi.acm.org/10.1145/361002.361007},
 doi = {10.1145/361002.361007},
 acmid = {361007},
 publisher = {ACM},
 address = {New York, NY, USA},
 keywords = {associative retrieval, attribute, binary search trees, binary tree insertion, information retrieval system, intersection queries, key, nearest neighbor queries, partial match queries},
} 


% rtree
@article{Guttman:1984:RDI:971697.602266,
 author = {Guttman, Antonin},
 title = {R-trees: A Dynamic Index Structure for Spatial Searching},
 journal = {SIGMOD Rec.},
 issue_date = {June 1984},
 volume = {14},
 number = {2},
 month = jun,
 year = {1984},
 issn = {0163-5808},
 pages = {47--57},
 numpages = {11},
 url = {http://doi.acm.org/10.1145/971697.602266},
 doi = {10.1145/971697.602266},
 acmid = {602266},
 publisher = {ACM},
 address = {New York, NY, USA},
} 


%%%%%%%%%%%%%%%%%%%%%%%%%%%%
% performance
%%%%%%%%%%%%%%%%%%%%%%%%%%%%
% tbb

@book{reinders2007intel,
  title={Intel threading building blocks: outfitting C++ for multi-core processor parallelism},
  author={Reinders, James},
  year={2007},
  publisher={" O'Reilly Media, Inc."}
}


% cuda

@misc{nvidia2011nvidia,
  added-at = {2011-05-06T13:22:35.000+0200},
  author = {{NVIDIA Corporation}},
  keywords = {CUDA},
  note = {Version 10.0},
  timestamp = {2011-05-06T13:36:56.000+0200},
  title = {NVIDIA CUDA C Programming Guide},
  year = 2010
}




% alpaka
@inproceedings{zenker2016alpaka,
  title={Alpaka--An Abstraction Library for Parallel Kernel Acceleration},
  author={Zenker, Erik and Worpitz, Benjamin and Widera, Ren{\'e} and Huebl, Axel and Juckeland, Guido and Kn{\"u}pfer, Andreas and Nagel, Wolfgang E and Bussmann, Michael},
  booktitle={2016 IEEE International Parallel and Distributed Processing Symposium Workshops (IPDPSW)},
  pages={631--640},
  year={2016},
  organization={IEEE}
}




@article{Funke:2014dga,
    author = "Funke, Daniel and Hauth, Thomas and Innocente, V. and Quast, G. and Sanders, P. and Schieferdecker, D.",
    editor = "Groep, D.L. and Bonacorsi, D.",
    title = "{Parallel track reconstruction in CMS using the cellular automaton approach}",
    doi = "10.1088/1742-6596/513/5/052010",
    journal = "J. Phys. Conf. Ser.",
    volume = "513",
    pages = "052010",
    year = "2014"
}


@misc{tensorflow2015-whitepaper,
title={ {TensorFlow}: Large-Scale Machine Learning on Heterogeneous Systems},
url={https://www.tensorflow.org/},
note={Software available from tensorflow.org},
author={
    Mart\'{\i}n~Abadi and
    Ashish~Agarwal and
    Paul~Barham and
    Eugene~Brevdo and
    Zhifeng~Chen and
    Craig~Citro and
    Greg~S.~Corrado and
    Andy~Davis and
    Jeffrey~Dean and
    Matthieu~Devin and
    Sanjay~Ghemawat and
    Ian~Goodfellow and
    Andrew~Harp and
    Geoffrey~Irving and
    Michael~Isard and
    Yangqing Jia and
    Rafal~Jozefowicz and
    Lukasz~Kaiser and
    Manjunath~Kudlur and
    Josh~Levenberg and
    Dandelion~Man\'{e} and
    Rajat~Monga and
    Sherry~Moore and
    Derek~Murray and
    Chris~Olah and
    Mike~Schuster and
    Jonathon~Shlens and
    Benoit~Steiner and
    Ilya~Sutskever and
    Kunal~Talwar and
    Paul~Tucker and
    Vincent~Vanhoucke and
    Vijay~Vasudevan and
    Fernanda~Vi\'{e}gas and
    Oriol~Vinyals and
    Pete~Warden and
    Martin~Wattenberg and
    Martin~Wicke and
    Yuan~Yu and
    Xiaoqiang~Zheng},
  year={2015},
}