% pdg 
@article{pdg2020,
    author = {Particle Data Group  and Zyla, P A and Barnett, R M and Beringer, J and Dahl, O and Dwyer, D A and Groom, D E and Lin, C -J and Lugovsky, K S and Pianori, E and Robinson, D J and Wohl, C G and Yao, W -M and Agashe, K and Aielli, G and Allanach, B C and Amsler, C and Antonelli, M and Aschenauer, E C and Asner, D M and Baer, H and Banerjee, Sw and Baudis, L and Bauer, C W and Beatty, J J and Belousov, V I and Bethke, S and Bettini, A and Biebel, O and Black, K M and Blucher, E and Buchmuller, O and Burkert, V and Bychkov, M A and Cahn, R N and Carena, M and Ceccucci, A and Cerri, A and Chakraborty, D and Chivukula, R Sekhar and Cowan, G and D'Ambrosio, G and Damour, T and de Florian, D and de Gouvêa, A and DeGrand, T and de Jong, P and Dissertori, G and Dobrescu, B A and D'Onofrio, M and Doser, M and Drees, M and Dreiner, H K and Eerola, P and Egede, U and Eidelman, S and Ellis, J and Erler, J and Ezhela, V V and Fetscher, W and Fields, B D and Foster, B and Freitas, A and Gallagher, H and Garren, L and Gerber, H -J and Gerbier, G and Gershon, T and Gershtein, Y and Gherghetta, T and Godizov, A A and Gonzalez-Garcia, M C and Goodman, M and Grab, C and Gritsan, A V and Grojean, C and Grünewald, M and Gurtu, A and Gutsche, T and Haber, H E and Hanhart, C and Hashimoto, S and Hayato, Y and Hebecker, A and Heinemeyer, S and Heltsley, B and Hernández-Rey, J J and Hikasa, K and Hisano, J and Höcker, A and Holder, J and Holtkamp, A and Huston, J and Hyodo, T and Johnson, K F and Kado, M and Karliner, M and Katz, U F and Kenzie, M and Khoze, V A and Klein, S R and Klempt, E and Kowalewski, R V and Krauss, F and Kreps, M and Krusche, B and Kwon, Y and Lahav, O and Laiho, J and Lellouch, L P and Lesgourgues, J and Liddle, A R and Ligeti, Z and Lippmann, C and Liss, T M and Littenberg, L and Lourengo, C and Lugovsky, S B and Lusiani, A and Makida, Y and Maltoni, F and Mannel, T and Manohar, A V and Marciano, W J and Masoni, A and Matthews, J and Meißner, U -G and Mikhasenko, M and Miller, D J and Milstead, D and Mitchell, R E and Mönig, K and Molaro, P and Moortgat, F and Moskovic, M and Nakamura, K and Narain, M and Nason, P and Navas, S and Neubert, M and Nevski, P and Nir, Y and Olive, K A and Patrignani, C and Peacock, J A and Petcov, S T and Petrov, V A and Pich, A and Piepke, A and Pomarol, A and Profumo, S and Quadt, A and Rabbertz, K and Rademacker, J and Raffelt, G and Ramani, H and Ramsey-Musolf, M and Ratcliff, B N and Richardson, P and Ringwald, A and Roesler, S and Rolli, S and Romaniouk, A and Rosenberg, L J and Rosner, J L and Rybka, G and Ryskin, M and Ryutin, R A and Sakai, Y and Salam, G P and Sarkar, S and Sauli, F and Schneider, O and Scholberg, K and Schwartz, A J and Schwiening, J and Scott, D and Sharma, V and Sharpe, S R and Shutt, T and Silari, M and Sjöstrand, T and Skands, P and Skwarnicki, T and Smoot, G F and Soffer, A and Sozzi, M S and Spanier, S and Spiering, C and Stahl, A and Stone, S L and Sumino, Y and Sumiyoshi, T and Syphers, M J and Takahashi, F and Tanabashi, M and Tanaka, J and Taševský, M and Terashi, K and Terning, J and Thoma, U and Thorne, R S and Tiator, L and Titov, M and Tkachenko, N P and Tovey, D R and Trabelsi, K and Urquijo, P and Valencia, G and Van de Water, R and Varelas, N and Venanzoni, G and Verde, L and Vincter, M G and Vogel, P and Vogelsang, W and Vogt, A and Vorobyev, V and Wakely, S P and Walkowiak, W and Walter, C W and Wands, D and Wascko, M O and Weinberg, D H and Weinberg, E J and White, M and Wiencke, L R and Willocq, S and Woody, C L and Workman, R L and Yokoyama, M and Yoshida, R and Zanderighi, G and Zeller, G P and Zenin, O V and Zhu, R -Y and Zhu, S -L and Zimmermann, F and Anderson, J and Basaglia, T and Lugovsky, V S and Schaffner, P and Zheng, W},
    title = "{Review of Particle Physics}",
    journal = {Progress of Theoretical and Experimental Physics},
    volume = {2020},
    number = {8},
    year = {2020},
    month = {08},
    abstract = "{The Review summarizes much of particle physics and cosmology. Using data from previous editions, plus 3,324 new measurements from 878 papers, we list, evaluate, and average measured properties of gauge bosons and the recently discovered Higgs boson, leptons, quarks, mesons, and baryons. We summarize searches for hypothetical particles such as supersymmetric particles, heavy bosons, axions, dark photons, etc. Particle properties and search limits are listed in Summary Tables. We give numerous tables, figures, formulae, and reviews of topics such as Higgs Boson Physics, Supersymmetry, Grand Unified Theories, Neutrino Mixing, Dark Energy, Dark Matter, Cosmology, Particle Detectors, Colliders, Probability and Statistics. Among the 120 reviews are many that are new or heavily revised, including a new review on High Energy Soft QCD and Diffraction and one on the Determination of CKM Angles from B Hadrons.The Review is divided into two volumes. Volume 1 includes the Summary Tables and 98 review articles. Volume 2 consists of the Particle Listings and contains also 22 reviews that address specific aspects of the data presented in the Listings.The complete Review (both volumes) is published online on the website of the Particle Data Group (pdg.lbl.gov) and in a journal. Volume 1 is available in print as the PDG Book. A Particle Physics Booklet with the Summary Tables and essential tables, figures, and equations from selected review articles is available in print and as a web version optimized for use on phones as well as an Android app.}",
    issn = {2050-3911},
    doi = {10.1093/ptep/ptaa104},
    url = {https://doi.org/10.1093/ptep/ptaa104},
    note = {083C01},
    eprint = {https://academic.oup.com/ptep/article-pdf/2020/8/083C01/34673722/ptaa104.pdf},
}




% cms higgs discovery
@article{Chatrchyan:2012ufa,
    author = "Chatrchyan, Serguei and others",
    collaboration = "CMS",
    title = "{Observation of a New Boson at a Mass of 125 GeV with the CMS Experiment at the LHC}",
    eprint = "1207.7235",
    archivePrefix = "arXiv",
    primaryClass = "hep-ex",
    reportNumber = "CMS-HIG-12-028, CERN-PH-EP-2012-220",
    doi = "10.1016/j.physletb.2012.08.021",
    journal = "Phys. Lett. B",
    volume = "716",
    pages = "30--61",
    year = "2012"
}

% atlas higgs discovery
@article{Aad:2012tfa,
    author = "Aad, Georges and others",
    collaboration = "ATLAS",
    title = "{Observation of a new particle in the search for the Standard Model Higgs boson with the ATLAS detector at the LHC}",
    eprint = "1207.7214",
    archivePrefix = "arXiv",
    primaryClass = "hep-ex",
    reportNumber = "CERN-PH-EP-2012-218",
    doi = "10.1016/j.physletb.2012.08.020",
    journal = "Phys. Lett. B",
    volume = "716",
    pages = "1--29",
    year = "2012"
}
% ------------------------------
% standard model
% ------------------------------

% yang mills
@article{PhysRev.96.191,
  title = {Conservation of Isotopic Spin and Isotopic Gauge Invariance},
  author = {Yang, C. N. and Mills, R. L.},
  journal = {Phys. Rev.},
  volume = {96},
  issue = {1},
  pages = {191--195},
  numpages = {0},
  year = {1954},
  month = {Oct},
  publisher = {American Physical Society},
  doi = {10.1103/PhysRev.96.191},
  url = {https://link.aps.org/doi/10.1103/PhysRev.96.191}
}


% higgs mechanism
@article{PhysRevLett.13.508,
  title = {Broken Symmetries and the Masses of Gauge Bosons},
  author = {Higgs, Peter W.},
  journal = {Phys. Rev. Lett.},
  volume = {13},
  issue = {16},
  pages = {508--509},
  numpages = {0},
  year = {1964},
  month = {Oct},
  publisher = {American Physical Society},
  doi = {10.1103/PhysRevLett.13.508},
  url = {https://link.aps.org/doi/10.1103/PhysRevLett.13.508}
}

% higgs mechanism
@article{PhysRevLett.13.321,
  title = {Broken Symmetry and the Mass of Gauge Vector Mesons},
  author = {Englert, F. and Brout, R.},
  journal = {Phys. Rev. Lett.},
  volume = {13},
  issue = {9},
  pages = {321--323},
  numpages = {0},
  year = {1964},
  month = {Aug},
  publisher = {American Physical Society},
  doi = {10.1103/PhysRevLett.13.321},
  url = {https://link.aps.org/doi/10.1103/PhysRevLett.13.321}
}


% higgs mechanism
@article{PhysRevLett.13.585,
  title = {Global Conservation Laws and Massless Particles},
  author = {Guralnik, G. S. and Hagen, C. R. and Kibble, T. W. B.},
  journal = {Phys. Rev. Lett.},
  volume = {13},
  issue = {20},
  pages = {585--587},
  numpages = {0},
  year = {1964},
  month = {Nov},
  publisher = {American Physical Society},
  doi = {10.1103/PhysRevLett.13.585},
  url = {https://link.aps.org/doi/10.1103/PhysRevLett.13.585}
}



%  renormalization of Yang-Mills 
@article{tHooft:1972tcz,
    author = "'t Hooft, Gerard and Veltman, M.J.G.",
    title = "{Regularization and Renormalization of Gauge Fields}",
    doi = "10.1016/0550-3213(72)90279-9",
    journal = "Nucl. Phys. B",
    volume = "44",
    pages = "189--213",
    year = "1972"
}



% Glashow
@article{Glashow:1961tr,
    author = "Glashow, S.L.",
    title = "{Partial Symmetries of Weak Interactions}",
    doi = "10.1016/0029-5582(61)90469-2",
    journal = "Nucl. Phys.",
    volume = "22",
    pages = "579--588",
    year = "1961"
}

% Weinberg
@article{PhysRevLett.19.1264,
  title = {A Model of Leptons},
  author = {Weinberg, Steven},
  journal = {Phys. Rev. Lett.},
  volume = {19},
  issue = {21},
  pages = {1264--1266},
  numpages = {0},
  year = {1967},
  month = {Nov},
  publisher = {American Physical Society},
  doi = {10.1103/PhysRevLett.19.1264},
  url = {https://link.aps.org/doi/10.1103/PhysRevLett.19.1264}
}

% Schwartz QFT
@book{schwartz2014quantum,
  title={Quantum Field Theory and the Standard Model},
  author={Schwartz, M.D.},
  isbn={9781107034730},
  lccn={2013016195},
  series={Quantum Field Theory and the Standard Model},
  url={https://books.google.com/books?id=HbdEAgAAQBAJ},
  year={2014},
  publisher={Cambridge University Press}
}



% ------------------------------
% experiments
% ------------------------------
% tevatron W->e

@article{Abazov:2003sv,
    author = "Abazov, V.M. and others",
    collaboration = "CDF, D0",
    title = "{Combination of CDF and D0 Results on $W$ Boson Mass and Width}",
    eprint = "hep-ex/0311039",
    archivePrefix = "arXiv",
    reportNumber = "FERMILAB-PUB-03-490-E",
    doi = "10.1103/PhysRevD.70.092008",
    journal = "Phys. Rev. D",
    volume = "70",
    pages = "092008",
    year = "2004"
}

% d0 W -> e
@article{Abbott:1999tt,
    author = "Abbott, B. and others",
    collaboration = "D0",
    title = "{Extraction of the width of the $W$ boson from measurements of $\sigma(p\bar{p} \to W + X) \times B(W \to e \nu)$ and $\sigma(p\bar{p} \to Z + X) \times B(Z \to e e)$ and their ratio}",
    eprint = "hep-ex/9906025",
    archivePrefix = "arXiv",
    reportNumber = "FERMILAB-PUB-99-171-E",
    doi = "10.1103/PhysRevD.61.072001",
    journal = "Phys. Rev. D",
    volume = "61",
    pages = "072001",
    year = "2000"
}
% d0 W -> mu
@article{Abachi:1995xc,
    author = "Abachi, S. and others",
    collaboration = "D0",
    title = "{$W$ and $Z$ boson production in $p \bar{p}$ collisions at $\sqrt{s}$ = 1.8-TeV}",
    eprint = "hep-ex/9505013",
    archivePrefix = "arXiv",
    reportNumber = "FERMILAB-PUB-95-130-E",
    doi = "10.1103/PhysRevLett.75.1456",
    journal = "Phys. Rev. Lett.",
    volume = "75",
    pages = "1456--1461",
    year = "1995"
}
% d0 W -> tau
@article{Abbott:1999pk,
    author = "Abbott, B. and others",
    collaboration = "D0",
    title = "{A measurement of the $W \to \tau \nu$ production cross section in $p\bar{p}$ collisions at $\sqrt{s} = 1.8$ TeV}",
    eprint = "hep-ex/9912065",
    archivePrefix = "arXiv",
    reportNumber = "FERMILAB-PUB-99-373-E",
    doi = "10.1103/PhysRevLett.84.5710",
    journal = "Phys. Rev. Lett.",
    volume = "84",
    pages = "5710--5715",
    year = "2000"
}



% CDF W->e
@article{Abe:1990sd,
    author = "Abe, F. and others",
    collaboration = "CDF",
    title = "{A Measurement of $\sigma B (W \to e \nu)$ and $\sigma B (Z^0 \to e^+ e-)$ in $\bar{p}p$ collisions at $\sqrt{s} = 1800$ GeV}",
    reportNumber = "FERMILAB-PUB-90-229-E, ANL-HEP-PR-91-64",
    doi = "10.1103/PhysRevD.44.29",
    journal = "Phys. Rev. D",
    volume = "44",
    pages = "29--52",
    year = "1991"
}
% CDF W-> mu
@article{Abe:1992ys,
    author = "Abe, F. and others",
    collaboration = "CDF",
    title = "{A Measurement of the production and muonic decay rate of $W$ and $Z$ bosons in $p \bar{p}$ collisions at $\sqrt{s} = 1.8$ TeV}",
    reportNumber = "FERMILAB-PUB-92-069-E, CDF-PUB-ELECTROWEAK-CDFR-1649, ANL-HEP-92-78",
    doi = "10.1103/PhysRevLett.69.28",
    journal = "Phys. Rev. Lett.",
    volume = "69",
    pages = "28--32",
    year = "1992"
}
% CDF W-> tau
@article{Abe:1991fb,
    author = "Abe, F. and others",
    collaboration = "CDF",
    title = "{Measurement of the ratio $\sigma B (W \to \nu_\tau) / \sigma B (W \to e \nu)$, in $p\bar{p}$ collisions at $\sqrt{s} = 1.8$ TeV}",
    reportNumber = "FERMILAB-PUB-91-356-E, CDF-PUB-ELECTROWEAK-CDFR-1519",
    doi = "10.1103/PhysRevLett.68.3398",
    journal = "Phys. Rev. Lett.",
    volume = "68",
    pages = "3398--3402",
    year = "1992"
}



% UA1
@article{Albajar:1988ka,
    author = "Albajar, C. and others",
    collaboration = "UA1",
    title = "{Studies of Intermediate Vector Boson Production and Decay in UA1 at the CERN Proton - Antiproton Collider}",
    reportNumber = "CERN-EP-88-168",
    doi = "10.1007/BF01548582",
    journal = "Z. Phys. C",
    volume = "44",
    pages = "15--61",
    year = "1989"
}

% UA2 e
@article{appel1986measurement,
  title={Measurement of W$\pm$and Z0 properties at the CERN pp collider},
  author={Appel, JA and Bagnaia, P and Banner, M and Battiston, R and Bernl{\"o}hr, K and Borer, K and Borghini, M and Carboni, G and Cavasinni, Vincenzo and Cenci, P and others},
  journal={Zeitschrift f{\"u}r Physik C Particles and Fields},
  volume={30},
  number={1},
  pages={1--22},
  year={1986},
  publisher={Springer}
}

% UA2 tau
@article{Alitti:1992hv,
    author = "Alitti, J. and others",
    collaboration = "UA2",
    title = "{A Search for charged Higgs from top quark decay at the CERN $\bar{p} p$ collider}",
    reportNumber = "CERN-PPE-92-013",
    doi = "10.1016/0370-2693(92)90787-5",
    journal = "Phys. Lett. B",
    volume = "280",
    pages = "137--145",
    year = "1992"
}

% UA2 tau earlier
@article{Alitti:1991eh,
    author = "Alitti, J. and others",
    collaboration = "UA2",
    title = "{A Measurement of electron - tau universality from decays of intermediate vector bosons at the CERN anti-p p collider}",
    reportNumber = "CERN-PPE-91-69",
    doi = "10.1007/BF01560438",
    journal = "Z. Phys. C",
    volume = "52",
    pages = "209--218",
    year = "1991"
}





% LEP combine
@article{Schael:2013ita,
    author = "Schael, S. and others",
    collaboration = "ALEPH, DELPHI, L3, OPAL, LEP Electroweak",
    title = "{Electroweak Measurements in Electron-Positron Collisions at W-Boson-Pair Energies at LEP}",
    eprint = "1302.3415",
    archivePrefix = "arXiv",
    primaryClass = "hep-ex",
    reportNumber = "CERN-PH-EP-2013-022",
    doi = "10.1016/j.physrep.2013.07.004",
    journal = "Phys. Rept.",
    volume = "532",
    pages = "119--244",
    year = "2013"
}


% lep OPAL
@article{Abbiendi:2007rs,
    author = "Abbiendi, G. and others",
    collaboration = "OPAL",
    title = "{Measurement of the e+ e- ---\ensuremath{>} W+ W- cross section and W decay branching fractions at LEP}",
    eprint = "0708.1311",
    archivePrefix = "arXiv",
    primaryClass = "hep-ex",
    reportNumber = "CERN-PH-EP-2007-027, OPAL-PR-424",
    doi = "10.1140/epjc/s10052-007-0442-0",
    journal = "Eur. Phys. J. C",
    volume = "52",
    pages = "767--785",
    year = "2007"
}

% lep DELPHI
@article{Abdallah:2003zm,
    author = "Abdallah, J. and others",
    collaboration = "DELPHI",
    title = "{Measurement of the W pair production cross-section and W branching ratios in e+ e- collisions at s**(1/2) = 161-GeV to 209-GeV}",
    eprint = "hep-ex/0403042",
    archivePrefix = "arXiv",
    reportNumber = "CERN-EP-2003-071",
    doi = "10.1140/epjc/s2004-01709-5",
    journal = "Eur. Phys. J. C",
    volume = "34",
    pages = "127--144",
    year = "2004"
}

% lep L3
@article{Achard:2004zw,
    author = "Achard, P. and others",
    collaboration = "L3",
    title = "{Measurement of the cross section of W-boson pair production at LEP}",
    eprint = "hep-ex/0409016",
    archivePrefix = "arXiv",
    reportNumber = "CERN-PH-EP-2004-026",
    doi = "10.1016/j.physletb.2004.08.060",
    journal = "Phys. Lett. B",
    volume = "600",
    pages = "22--40",
    year = "2004"
}
% lep ALEPH
@article{Heister:2004wr,
    author = "Heister, A. and others",
    collaboration = "ALEPH",
    title = "{Measurement of W-pair production in e+ e- collisions at centre-of-mass energies from 183-GeV to 209-GeV}",
    reportNumber = "CERN-PH-EP-2004-012",
    doi = "10.1140/epjc/s2004-02048-3",
    journal = "Eur. Phys. J. C",
    volume = "38",
    pages = "147--160",
    year = "2004"
}




% atlas measure of W->e,mu
@article{Aaboud:2016btc,
    author = "Aaboud, Morad and others",
    collaboration = "ATLAS",
    title = "{Precision measurement and interpretation of inclusive $W^+$ , $W^-$ and $Z/\gamma ^*$ production cross sections with the ATLAS detector}",
    eprint = "1612.03016",
    archivePrefix = "arXiv",
    primaryClass = "hep-ex",
    reportNumber = "CERN-EP-2016-272",
    doi = "10.1140/epjc/s10052-017-4911-9",
    journal = "Eur. Phys. J. C",
    volume = "77",
    number = "6",
    pages = "367",
    year = "2017"
}

% LHCb W-> e
@article{Aaij:2016qqz,
    author = "Aaij, Roel and others",
    collaboration = "LHCb",
    title = "{Measurement of forward $W\to e\nu$ production in $pp$ collisions at $\sqrt{s}=8\,$TeV}",
    eprint = "1608.01484",
    archivePrefix = "arXiv",
    primaryClass = "hep-ex",
    reportNumber = "LHCB-PAPER-2016-024, CERN-EP-2016-179",
    doi = "10.1007/JHEP10(2016)030",
    journal = "JHEP",
    volume = "10",
    pages = "030",
    year = "2016"
}

% LHCb w-> mu
@article{Aaij:2015zlq,
    author = "Aaij, Roel and others",
    collaboration = "LHCb",
    title = "{Measurement of forward W and Z boson production in $pp$ collisions at $ \sqrt{s}=8 $ TeV}",
    eprint = "1511.08039",
    archivePrefix = "arXiv",
    primaryClass = "hep-ex",
    reportNumber = "LHCB-PAPER-2015-049, CERN-PH-EP-2015-301",
    doi = "10.1007/JHEP01(2016)155",
    journal = "JHEP",
    volume = "01",
    pages = "155",
    year = "2016"
}

% review of lu in b meson
@article{Bifani:2018zmi,
    author = "Bifani, Simone and Descotes-Genon, S\'ebastien and Romero Vidal, Antonio and Schune, Marie-H\'el\`ene",
    title = "{Review of Lepton Universality tests in $B$ decays}",
    eprint = "1809.06229",
    archivePrefix = "arXiv",
    primaryClass = "hep-ex",
    doi = "10.1088/1361-6471/aaf5de",
    journal = "J. Phys. G",
    volume = "46",
    number = "2",
    pages = "023001",
    year = "2019"
}

% pi K decay SM prediction
@article{Cirigliano:2007xi,
    author = "Cirigliano, Vincenzo and Rosell, Ignasi",
    title = "{Two-loop effective theory analysis of pi (K) ---\ensuremath{>} e anti-nu/e [gamma] branching ratios}",
    eprint = "0707.3439",
    archivePrefix = "arXiv",
    primaryClass = "hep-ph",
    reportNumber = "LAUR-07-3194",
    doi = "10.1103/PhysRevLett.99.231801",
    journal = "Phys. Rev. Lett.",
    volume = "99",
    pages = "231801",
    year = "2007"
}


% pi decay TRIUMF
@article{Numao:1992ve,
    author = "Numao, Toshio",
    title = "{Precise tests of $e$ - $\mu$ universality}",
    reportNumber = "TRI-PP-92-88",
    doi = "10.1142/S0217732392002743",
    journal = "Mod. Phys. Lett. A",
    volume = "7",
    pages = "3357--3364",
    year = "1992"
}
% pi decay Triumf early
@article{Britton:1992pg,
    author = "Britton, D.I. and others",
    title = "{Measurement of the pi+ $\to$ e+ neutrino branching ratio}",
    reportNumber = "TRI-PP-92-15",
    doi = "10.1103/PhysRevLett.68.3000",
    journal = "Phys. Rev. Lett.",
    volume = "68",
    pages = "3000--3003",
    year = "1992"
}

% pi decay PiENu
@article{Aguilar-Arevalo:2015cdf,
    author = "Aguilar-Arevalo, A. and others",
    collaboration = "PiENu",
    title = "{Improved Measurement of the $\pi \to \mbox{e} \nu$ Branching Ratio}",
    eprint = "1506.05845",
    archivePrefix = "arXiv",
    primaryClass = "hep-ex",
    doi = "10.1103/PhysRevLett.115.071801",
    journal = "Phys. Rev. Lett.",
    volume = "115",
    number = "7",
    pages = "071801",
    year = "2015"
}
% Pi decay BGO-OD experiment with ELSA electron accelerator
@article{Czapek:1993kc,
    author = "Czapek, G. and others",
    title = "{Branching ratio for the rare pion decay into positron and neutrino}",
    doi = "10.1103/PhysRevLett.70.17",
    journal = "Phys. Rev. Lett.",
    volume = "70",
    pages = "17--20",
    year = "1993"
}
% K decay NA62
@article{Lazzeroni:2012cx,
    author = "Lazzeroni, C. and others",
    collaboration = "NA62",
    title = "{Precision Measurement of the Ratio of the Charged Kaon Leptonic Decay Rates}",
    eprint = "1212.4012",
    archivePrefix = "arXiv",
    primaryClass = "hep-ex",
    reportNumber = "CERN-PH-EP-2012-367",
    doi = "10.1016/j.physletb.2013.01.037",
    journal = "Phys. Lett. B",
    volume = "719",
    pages = "326--336",
    year = "2013"
}

% K decay KLOE
@article{Ambrosino:2009aa,
    author = "Ambrosino, F. and others",
    collaboration = "KLOE",
    title = "{Precise measurement of $\Gamma(K \to e \nu(\gamma)) / \Gamma(K \to \mu \nu(\gamma))$ and study of $K \to e \nu \gamma$}",
    eprint = "0907.3594",
    archivePrefix = "arXiv",
    primaryClass = "hep-ex",
    doi = "10.1140/epjc/s10052-009-1217-6",
    journal = "Eur. Phys. J. C",
    volume = "64",
    pages = "627--636",
    year = "2009",
    note = "[Erratum: Eur.Phys.J. 65, 703 (2010)]"
}

% D_s SM prediction
@article{Dobrescu:2008er,
    author = "Dobrescu, Bogdan A. and Kronfeld, Andreas S.",
    title = "{Accumulating evidence for nonstandard leptonic decays of $D_s$ mesons}",
    eprint = "0803.0512",
    archivePrefix = "arXiv",
    primaryClass = "hep-ph",
    reportNumber = "FERMILAB-PUB-08-051-T",
    doi = "10.1103/PhysRevLett.100.241802",
    journal = "Phys. Rev. Lett.",
    volume = "100",
    pages = "241802",
    year = "2008"
}

% D_s HFLAV average
@article{Amhis:2016xyh,
    author = "Amhis, Y. and others",
    collaboration = "HFLAV",
    title = "{Averages of $b$-hadron, $c$-hadron, and $\tau$-lepton properties as of summer 2016}",
    eprint = "1612.07233",
    archivePrefix = "arXiv",
    primaryClass = "hep-ex",
    reportNumber = "FERMILAB-PUB-16-611-ND",
    doi = "10.1140/epjc/s10052-017-5058-4",
    journal = "Eur. Phys. J. C",
    volume = "77",
    number = "12",
    pages = "895",
    year = "2017"
}
% D_s Belle
@article{Zupanc:2013byn,
    author = "Zupanc, A. and others",
    collaboration = "Belle",
    title = "{Measurements of branching fractions of leptonic and hadronic $D_{s}^{+}$ meson decays and extraction of the $D_{s}^{+}$ meson decay constant}",
    eprint = "1307.6240",
    archivePrefix = "arXiv",
    primaryClass = "hep-ex",
    reportNumber = "BELLE-PREPRINT-2013-15, KEK-PREPRINT-2013-25",
    doi = "10.1007/JHEP09(2013)139",
    journal = "JHEP",
    volume = "09",
    pages = "139",
    year = "2013"
}
% D_s CLEO
@article{Ecklund:2007aa,
    author = "Ecklund, K.M. and others",
    collaboration = "CLEO",
    title = "{Measurement of the absolute branching fraction of D(s)+ ---\ensuremath{>} tau+ nu(tau) decay}",
    eprint = "0712.1175",
    archivePrefix = "arXiv",
    primaryClass = "hep-ex",
    reportNumber = "CLNS-07-2011, CLEO-07-15",
    doi = "10.1103/PhysRevLett.100.161801",
    journal = "Phys. Rev. Lett.",
    volume = "100",
    pages = "161801",
    year = "2008"
}

% D_s -> mu CLEO
@article{Alexander:2009ux,
    author = "Alexander, J.P. and others",
    collaboration = "CLEO",
    title = "{Measurement of $B{D_s^+ \to \ell^+ \nu}$ and the Decay Constant $fD_s^+$ From 600 $/pb^{-1}$ of $e^\pm$ Annihilation Data Near 4170 MeV}",
    eprint = "0901.1216",
    archivePrefix = "arXiv",
    primaryClass = "hep-ex",
    reportNumber = "CLNS-08-2044, CLEO-08-26",
    doi = "10.1103/PhysRevD.79.052001",
    journal = "Phys. Rev. D",
    volume = "79",
    pages = "052001",
    year = "2009"
}

% B decay review
@article{Bifani:2018zmi,
    author = "Bifani, Simone and Descotes-Genon, Sebastien and Romero Vidal, Antonio and Schune, Marie-Helene",
    title = "{Review of Lepton Universality tests in B decays}",
    eprint = "1809.06229",
    archivePrefix = "arXiv",
    primaryClass = "hep-ex",
    doi = "10.1088/1361-6471/aaf5de",
    journal = "J. Phys. G",
    volume = "46",
    number = "2",
    pages = "023001",
    year = "2019"
}

% B D* babar 1 leptonic tau, SL Btag
@article{Lees:2012xj,
    author = "Lees, J.P. and others",
    collaboration = "BaBar",
    title = "{Evidence for an excess of $\bar{B} \to D^{(*)} \tau^-\bar{\nu}_\tau$ decays}",
    eprint = "1205.5442",
    archivePrefix = "arXiv",
    primaryClass = "hep-ex",
    reportNumber = "BABAR-PUB-12-012, SLAC-PUB-15028",
    doi = "10.1103/PhysRevLett.109.101802",
    journal = "Phys. Rev. Lett.",
    volume = "109",
    pages = "101802",
    year = "2012"
}

% B D* babar 1 leptonic tau, SL Btag
@article{Lees:2013uzd,
    author = "Lees, J.P. and others",
    collaboration = "BaBar",
    title = "{Measurement of an Excess of $\bar{B} \to D^{(*)}\tau^- \bar{\nu}_\tau$ Decays and Implications for Charged Higgs Bosons}",
    eprint = "1303.0571",
    archivePrefix = "arXiv",
    primaryClass = "hep-ex",
    reportNumber = "BABAR-PUB-13-001, SLAC-PUB-15381",
    doi = "10.1103/PhysRevD.88.072012",
    journal = "Phys. Rev. D",
    volume = "88",
    number = "7",
    pages = "072012",
    year = "2013"
}

% B D* Belle 1 leptonic tau, SL Btag
@article{Huschle:2015rga,
    author = "Huschle, M. and others",
    collaboration = "Belle",
    title = "{Measurement of the branching ratio of $\bar{B} \to D^{(\ast)} \tau^- \bar{\nu}_\tau$ relative to $\bar{B} \to D^{(\ast)} \ell^- \bar{\nu}_\ell$ decays with hadronic tagging at Belle}",
    eprint = "1507.03233",
    archivePrefix = "arXiv",
    primaryClass = "hep-ex",
    reportNumber = "KEK-REPORT-2015-18",
    doi = "10.1103/PhysRevD.92.072014",
    journal = "Phys. Rev. D",
    volume = "92",
    number = "7",
    pages = "072014",
    year = "2015"
}


% B D* Belle 1 leptonic tau, SL Btag
@article{Sato:2016svk,
    author = "Sato, Y. and others",
    collaboration = "Belle",
    title = "{Measurement of the branching ratio of $\bar{B}^0 \rightarrow D^{*+} \tau^- \bar{\nu}_{\tau}$ relative to $\bar{B}^0 \rightarrow D^{*+} \ell^- \bar{\nu}_{\ell}$ decays with a semileptonic tagging method}",
    eprint = "1607.07923",
    archivePrefix = "arXiv",
    primaryClass = "hep-ex",
    reportNumber = "KEK-PREPRINT-2016-8, BELLE-PREPRINT-2016-8",
    doi = "10.1103/PhysRevD.94.072007",
    journal = "Phys. Rev. D",
    volume = "94",
    number = "7",
    pages = "072007",
    year = "2016"
}

% B D* Belle 1 prong tau, had Btag
@article{Hirose:2016wfn,
    author = "Hirose, S. and others",
    collaboration = "Belle",
    title = "{Measurement of the $\tau$ lepton polarization and $R(D^*)$ in the decay $\bar{B} \to D^* \tau^- \bar{\nu}_\tau$}",
    eprint = "1612.00529",
    archivePrefix = "arXiv",
    primaryClass = "hep-ex",
    reportNumber = "KEK-PREPRINT-2016-53, BELLE-PREPRINT-2016-14",
    doi = "10.1103/PhysRevLett.118.211801",
    journal = "Phys. Rev. Lett.",
    volume = "118",
    number = "21",
    pages = "211801",
    year = "2017"
}


% B D* lhcb muonic tau
@article{Aaij:2015yra,
    author = "Aaij, Roel and others",
    collaboration = "LHCb",
    title = "{Measurement of the ratio of branching fractions $\mathcal{B}(\bar{B}^0 \to D^{*+}\tau^{-}\bar{\nu}_{\tau})/\mathcal{B}(\bar{B}^0 \to D^{*+}\mu^{-}\bar{\nu}_{\mu})$}",
    eprint = "1506.08614",
    archivePrefix = "arXiv",
    primaryClass = "hep-ex",
    reportNumber = "CERN-PH-EP-2015-150, LHCB-PAPER-2015-025",
    doi = "10.1103/PhysRevLett.115.111803",
    journal = "Phys. Rev. Lett.",
    volume = "115",
    number = "11",
    pages = "111803",
    year = "2015",
    note = "[Erratum: Phys.Rev.Lett. 115, 159901 (2015)]"
}

% B D* lhcb 3 prong tau
@article{Aaij:2017uff,
    author = "Aaij, R. and others",
    collaboration = "LHCb",
    title = "{Measurement of the ratio of the $B^0 \to D^{*-} \tau^+ \nu_{\tau}$ and $B^0 \to D^{*-} \mu^+ \nu_{\mu}$ branching fractions using three-prong $\tau$-lepton decays}",
    eprint = "1708.08856",
    archivePrefix = "arXiv",
    primaryClass = "hep-ex",
    reportNumber = "LHCB-PAPER-2017-017, CERN-EP-2017-212",
    doi = "10.1103/PhysRevLett.120.171802",
    journal = "Phys. Rev. Lett.",
    volume = "120",
    number = "17",
    pages = "171802",
    year = "2018"
}

% B D* lhcb 3 prong tau
@article{Aaij:2017deq,
    author = "Aaij, R. and others",
    collaboration = "LHCb",
    title = "{Test of Lepton Flavor Universality by the measurement of the $B^0 \to D^{*-} \tau^+ \nu_{\tau}$ branching fraction using three-prong $\tau$ decays}",
    eprint = "1711.02505",
    archivePrefix = "arXiv",
    primaryClass = "hep-ex",
    reportNumber = "CERN-EP-2017-256, LHCB-PAPER-2017-027",
    doi = "10.1103/PhysRevD.97.072013",
    journal = "Phys. Rev. D",
    volume = "97",
    number = "7",
    pages = "072013",
    year = "2018"
}

% tau precision physics
@article{Pich:2013lsa,
    author = "Pich, Antonio",
    title = "{Precision Tau Physics}",
    eprint = "1310.7922",
    archivePrefix = "arXiv",
    primaryClass = "hep-ph",
    reportNumber = "IFIC-13-79, FTUV-13-1029, FTUV-13-1028",
    doi = "10.1016/j.ppnp.2013.11.002",
    journal = "Prog. Part. Nucl. Phys.",
    volume = "75",
    pages = "41--85",
    year = "2014"
}

% ------------------------------
% theory
% ------------------------------
% W': Global Analysis of G221
@article{Hsieh:2010zr,
    author = "Hsieh, Ken and Schmitz, Kai and Yu, Jiang-Hao and Yuan, C.-P.",
    title = "{Global Analysis of General SU(2) x SU(2) x U(1) Models with Precision Data}",
    eprint = "1003.3482",
    archivePrefix = "arXiv",
    primaryClass = "hep-ph",
    reportNumber = "MSUHEP-091123, DESY-09-205",
    doi = "10.1103/PhysRevD.82.035011",
    journal = "Phys. Rev. D",
    volume = "82",
    pages = "035011",
    year = "2010"
}

% W' left-right
@article{PhysRevD.11.2558,
  title = {"Natural" left-right symmetry},
  author = {Mohapatra, R. N. and Pati, J. C.},
  journal = {Phys. Rev. D},
  volume = {11},
  issue = {9},
  pages = {2558--2561},
  numpages = {0},
  year = {1975},
  month = {May},
  publisher = {American Physical Society},
  doi = {10.1103/PhysRevD.11.2558},
  url = {https://link.aps.org/doi/10.1103/PhysRevD.11.2558}
}

% W' ununified
@article{Chivukula:1994qw,
    author = "Chivukula, R.S. and Simmons, Elizabeth H. and Terning, J.",
    title = "{Limits on the ununified standard model}",
    eprint = "hep-ph/9412309",
    archivePrefix = "arXiv",
    reportNumber = "BUHEP-94-37",
    doi = "10.1016/0370-2693(94)00006-S",
    journal = "Phys. Lett. B",
    volume = "346",
    pages = "284--290",
    year = "1995"
}


% W': un-unified
@article{GEORGI1990541,
    title = "The un-unified standard model",
    journal = "Nuclear Physics B",
    volume = "331",
    number = "3",
    pages = "541 - 555",
    year = "1990",
    issn = "0550-3213",
    doi = "https://doi.org/10.1016/0550-3213(90)90083-P",
    url = "http://www.sciencedirect.com/science/article/pii/055032139090083P",
    author = "Howard Georgi and Elizabeth E. Jenkins and Elizabeth H. Simmons",
}

% w': theory : Nonuniversality
@article{PhysRevLett.47.1788,
  title = {Gauge Model of Generation Nonuniversality},
  author = {Li, Xiao-yuan and Ma, Ernest},
  journal = {Phys. Rev. Lett.},
  volume = {47},
  issue = {25},
  pages = {1788--1791},
  numpages = {0},
  year = {1981},
  month = {Dec},
  publisher = {American Physical Society},
  doi = {10.1103/PhysRevLett.47.1788},
  url = {https://link.aps.org/doi/10.1103/PhysRevLett.47.1788}
}


% w': theory : topcolor model
@article{MULLER1997192,
    title = "A separate SU(2) for the third family: Topflavor",
    journal = "Nuclear Physics B - Proceedings Supplements",
    volume = "52",
    number = "1",
    pages = "192 - 194",
    year = "1997",
    issn = "0920-5632",
    doi = "https://doi.org/10.1016/S0920-5632(96)00560-9",
    url = "http://www.sciencedirect.com/science/article/pii/S0920563296005609",
    author = "D.J. Muller and S. Nandi",
}

% w': theory: topcolor model review
@article{PhysRevD.81.015006,
  title = {Family $SU(2{)}_{l}\ifmmode\times\else\texttimes\fi{}SU(2{)}_{h}\ifmmode\times\else\texttimes\fi{}U(1)$ model},
  author = {Chiang, Cheng-Wei and Deshpande, N. G. and He, Xiao-Gang and Jiang, J.},
  journal = {Phys. Rev. D},
  volume = {81},
  issue = {1},
  pages = {015006},
  numpages = {9},
  year = {2010},
  month = {Jan},
  publisher = {American Physical Society},
  doi = {10.1103/PhysRevD.81.015006},
  url = {https://link.aps.org/doi/10.1103/PhysRevD.81.015006}
}

% W' pheno: at LHC earlier
@article{KIM2012367,
    title = "Early LHC bound on the W′ boson mass in the non-universal gauge interaction model",
    journal = "Physics Letters B",
    volume = "706",
    number = "4",
    pages = "367 - 370",
    year = "2012",
    issn = "0370-2693",
    doi = "https://doi.org/10.1016/j.physletb.2011.11.032",
    url = "http://www.sciencedirect.com/science/article/pii/S0370269311014043",
    author = "Yeong Gyun Kim and Kang Young Lee",
}


% W' pheno: at LHC
@article{Edelhauser:2014yra,
    author = {Edelh\"auser, Lisa and Knochel, Alexander},
    title = "{Observing nonstandard $W'$ and $Z'$ through the third generation and Higgs lens}",
    eprint = "1408.0914",
    archivePrefix = "arXiv",
    primaryClass = "hep-ph",
    month = "8",
    year = "2014"
}



% W': exp: cms search tau 13 TeV
@article{Sirunyan:2018lbg,
    author = "Sirunyan, Albert M and others",
    collaboration = "CMS",
    title = "{Search for a W' boson decaying to a $\tau$ lepton and a neutrino in proton-proton collisions at $\sqrt{s} =$ 13 TeV}",
    eprint = "1807.11421",
    archivePrefix = "arXiv",
    primaryClass = "hep-ex",
    reportNumber = "CMS-EXO-17-008, CERN-EP-2018-202",
    doi = "10.1016/j.physletb.2019.01.069",
    journal = "Phys. Lett. B",
    volume = "792",
    pages = "107--131",
    year = "2019"
}

% W': exp: cms search tau 8 TeV
@article{Khachatryan:2015pua,
    author = "Khachatryan, Vardan and others",
    collaboration = "CMS",
    title = "{Search for W' decaying to tau lepton and neutrino in proton-proton collisions at $\sqrt(s) =$ 8 TeV}",
    eprint = "1508.04308",
    archivePrefix = "arXiv",
    primaryClass = "hep-ex",
    reportNumber = "CMS-EXO-12-011, CERN-PH-EP-2015-190",
    doi = "10.1016/j.physletb.2016.02.002",
    journal = "Phys. Lett. B",
    volume = "755",
    pages = "196--216",
    year = "2016"
}

% W': exp : atlas search tau 8 TeV
@article{Aaboud:2018vgh,
    author = "Aaboud, Morad and others",
    collaboration = "ATLAS",
    title = "{Search for High-Mass Resonances Decaying to $\tau\nu$ in pp Collisions at 13  TeV with the ATLAS Detector}",
    eprint = "1801.06992",
    archivePrefix = "arXiv",
    primaryClass = "hep-ex",
    reportNumber = "CERN-EP-2017-341",
    doi = "10.1103/PhysRevLett.120.161802",
    journal = "Phys. Rev. Lett.",
    volume = "120",
    number = "16",
    pages = "161802",
    year = "2018"
}

% W' exp: cms: l+met 13 TeV
@article{Sirunyan:2018mpc,
    author = "Sirunyan, Albert M and others",
    collaboration = "CMS",
    title = "{Search for high-mass resonances in final states with a lepton and missing transverse momentum at $ \sqrt{s}=13 $ TeV}",
    eprint = "1803.11133",
    archivePrefix = "arXiv",
    primaryClass = "hep-ex",
    reportNumber = "CMS-EXO-16-033, CERN-EP-2018-020",
    doi = "10.1007/JHEP06(2018)128",
    journal = "JHEP",
    volume = "06",
    pages = "128",
    year = "2018"
}

% W' exp: atlas: l+met 13 TeV
@article{Aaboud:2017efa,
    author = "Aaboud, Morad and others",
    collaboration = "ATLAS",
    title = "{Search for a new heavy gauge boson resonance decaying into a lepton and missing transverse momentum in 36 fb$^{-1}$ of $pp$ collisions at $\sqrt{s} =$ 13 TeV with the ATLAS experiment}",
    eprint = "1706.04786",
    archivePrefix = "arXiv",
    primaryClass = "hep-ex",
    reportNumber = "CERN-EP-2017-082",
    doi = "10.1140/epjc/s10052-018-5877-y",
    journal = "Eur. Phys. J. C",
    volume = "78",
    number = "5",
    pages = "401",
    year = "2018"
}

% W' exp: cms: WZ 13 TeV
@article{Sirunyan:2018ivv,
    author = "Sirunyan, Albert M and others",
    collaboration = "CMS",
    title = "{Search for a heavy resonance decaying into a Z boson and a vector boson in the $ \nu \overline{\nu}\mathrm{q}\overline{\mathrm{q}} $ final state}",
    eprint = "1803.03838",
    archivePrefix = "arXiv",
    primaryClass = "hep-ex",
    reportNumber = "CMS-B2G-17-005, CERN-EP-2018-023",
    doi = "10.1007/JHEP07(2018)075",
    journal = "JHEP",
    volume = "07",
    pages = "075",
    year = "2018"
}

% W' exp: atlas: WZ 13 TeV
@article{Aaboud:2017eta,
    author = "Aaboud, Morad and others",
    collaboration = "ATLAS",
    title = "{Search for diboson resonances with boson-tagged jets in $pp$ collisions at $\sqrt{s}=13$ TeV with the ATLAS detector}",
    eprint = "1708.04445",
    archivePrefix = "arXiv",
    primaryClass = "hep-ex",
    reportNumber = "CERN-EP-2017-147",
    doi = "10.1016/j.physletb.2017.12.011",
    journal = "Phys. Lett. B",
    volume = "777",
    pages = "91--113",
    year = "2018"
}


% W' exp: cms: qq 13 TeV
@article{Sirunyan:2016iap,
    author = "Sirunyan, Albert M and others",
    collaboration = "CMS",
    title = "{Search for dijet resonances in proton\textendash{}proton collisions at $\sqrt{s}$ = 13 TeV and constraints on dark matter and other models}",
    eprint = "1611.03568",
    archivePrefix = "arXiv",
    primaryClass = "hep-ex",
    reportNumber = "CMS-EXO-16-032, CERN-EP-2016-277",
    doi = "10.1016/j.physletb.2017.02.012",
    journal = "Phys. Lett. B",
    volume = "769",
    pages = "520--542",
    year = "2017",
    note = "[Erratum: Phys.Lett.B 772, 882--883 (2017)]"
}

% W' exp: atlas: qq 13 TeV
@article{Aaboud:2017yvp,
    author = "Aaboud, Morad and others",
    collaboration = "ATLAS",
    title = "{Search for new phenomena in dijet events using 37 fb$^{-1}$ of $pp$ collision data collected at $\sqrt{s}=$13 TeV with the ATLAS detector}",
    eprint = "1703.09127",
    archivePrefix = "arXiv",
    primaryClass = "hep-ex",
    reportNumber = "CERN-EP-2017-042",
    doi = "10.1103/PhysRevD.96.052004",
    journal = "Phys. Rev. D",
    volume = "96",
    number = "5",
    pages = "052004",
    year = "2017"
}


% W' exp: cms: tb 13 TeV
@article{Sirunyan:2017vkm,
    author = "Sirunyan, Albert M and others",
    collaboration = "CMS",
    title = "{Search for heavy resonances decaying to a top quark and a bottom quark in the lepton+jets final state in proton\textendash{}proton collisions at 13 TeV}",
    eprint = "1708.08539",
    archivePrefix = "arXiv",
    primaryClass = "hep-ex",
    reportNumber = "CMS-B2G-17-010, CERN-EP-2017-196",
    doi = "10.1016/j.physletb.2017.12.006",
    journal = "Phys. Lett. B",
    volume = "777",
    pages = "39--63",
    year = "2018"
}


% W' exp: atlas: tb 13 TeV
@article{Aaboud:2018juj,
    author = "Aaboud, Morad and others",
    collaboration = "ATLAS",
    title = "{Search for $W' \rightarrow tb$ decays in the hadronic final state using pp collisions at $\sqrt{s}=13$ TeV with the ATLAS detector}",
    eprint = "1801.07893",
    archivePrefix = "arXiv",
    primaryClass = "hep-ex",
    reportNumber = "CERN-EP-2017-340",
    doi = "10.1016/j.physletb.2018.03.036",
    journal = "Phys. Lett. B",
    volume = "781",
    pages = "327--348",
    year = "2018"
}

% b decay rate
@inproceedings{perret1998b,
  title={b Physics},
  author={Perret, Pascal},
  booktitle={AIP Conference Proceedings},
  volume={444},
  number={1},
  pages={395--415},
  year={1998},
  organization={American Institute of Physics}
}


% H+: pheno: review
@article{BRANCO20121,
title = "Theory and phenomenology of two-Higgs-doublet models",
journal = "Physics Reports",
volume = "516",
number = "1",
pages = "1 - 102",
year = "2012",
note = "Theory and phenomenology of two-Higgs-doublet models",
issn = "0370-1573",
doi = "https://doi.org/10.1016/j.physrep.2012.02.002",
url = "http://www.sciencedirect.com/science/article/pii/S0370157312000695",
author = "G.C. Branco and P.M. Ferreira and L. Lavoura and M.N. Rebelo and Marc Sher and João P. Silva"
}



% H+ theory interactive lagrangion
@article{PhysRevD.41.3421,
  title = {New constraints on the charged Higgs sector in two-Higgs-doublet models},
  author = {Barger, V. and Hewett, J. L. and Phillips, R. J. N.},
  journal = {Phys. Rev. D},
  volume = {41},
  issue = {11},
  pages = {3421--3441},
  numpages = {0},
  year = {1990},
  month = {Jun},
  publisher = {American Physical Society},
  doi = {10.1103/PhysRevD.41.3421},
  url = {https://link.aps.org/doi/10.1103/PhysRevD.41.3421}
}



% H+ for super symmetry
@article{HABER198575,
title = "The search for supersymmetry: Probing physics beyond the standard model",
journal = "Physics Reports",
volume = "117",
number = "2",
pages = "75 - 263",
year = "1985",
issn = "0370-1573",
doi = "https://doi.org/10.1016/0370-1573(85)90051-1",
url = "http://www.sciencedirect.com/science/article/pii/0370157385900511",
author = "H.E. Haber and G.L. Kane",
}


% axion models to solve strong QCD CP
@article{KIM19871,
title = "Light pseudoscalars, particle physics and cosmology",
journal = "Physics Reports",
volume = "150",
number = "1",
pages = "1 - 177",
year = "1987",
issn = "0370-1573",
doi = "https://doi.org/10.1016/0370-1573(87)90017-2",
url = "http://www.sciencedirect.com/science/article/pii/0370157387900172",
author = "Jihn E. Kim",
abstract = "We review physics of light pseudoscalars (axions, majorons and familons) and their effects in cosmology. The axions which solve the strong CP problem play important roles in astrophysics and cosmology. The allowed band of the axion scale 108 GeV ≲ Fa ≲ 1012 GeV may be the next high energy scale. We discuss the ideas, techniques and phenomenologies leading to this interesting mass scale. Majorons and familons are also discussed."
}



% strong QCD cp violation removed by U1 globla sysmmetry
@article{PhysRevLett.38.1440,
  title = {$\mathrm{CP}$ Conservation in the Presence of Pseudoparticles},
  author = {Peccei, R. D. and Quinn, Helen R.},
  journal = {Phys. Rev. Lett.},
  volume = {38},
  issue = {25},
  pages = {1440--1443},
  numpages = {0},
  year = {1977},
  month = {Jun},
  publisher = {American Physical Society},
  doi = {10.1103/PhysRevLett.38.1440},
  url = {https://link.aps.org/doi/10.1103/PhysRevLett.38.1440}
}

% SM CP violation not enough for baryogenesis
@inproceedings{Trodden:1998qg,
    author = "Trodden, Mark",
    title = "{Electroweak baryogenesis: A Brief review}",
    booktitle = "{33rd Rencontres de Moriond: Electroweak Interactions and Unified Theories}",
    eprint = "hep-ph/9805252",
    archivePrefix = "arXiv",
    reportNumber = "CWRU-P18-98",
    pages = "471--480",
    year = "1998"
}

% 2HDM baryogenesis
@article{TUROK1991471,
title = "Electroweak baryogenesis in the two-doublet model",
journal = "Nuclear Physics B",
volume = "358",
number = "2",
pages = "471 - 493",
year = "1991",
issn = "0550-3213",
doi = "https://doi.org/10.1016/0550-3213(91)90356-3",
url = "http://www.sciencedirect.com/science/article/pii/0550321391903563",
author = "Neil Turok and John Zadrozny",
abstract = "A new mechanism through which a net baryon asymmetry could be generated at the electroweak phase transition is discussed. It works efficiently in minimal extensions of the standard model such as occur in supersymmetric theories, where the Higgs sector involves more than one doublet."
}

% 2HDM baryogenesis
@article{Joyce:1994zt,
    author = "Joyce, Michael and Prokopec, Tomislav and Turok, Neil",
    title = "{Nonlocal electroweak baryogenesis. Part 2: The Classical regime}",
    eprint = "hep-ph/9410282",
    archivePrefix = "arXiv",
    reportNumber = "PUPT-1496, PUP-TH-1496 (1994)",
    doi = "10.1103/PhysRevD.53.2958",
    journal = "Phys. Rev. D",
    volume = "53",
    pages = "2958--2980",
    year = "1996"
}

% H+: LEP search
@article{Abbiendi:2013hk,
    author = "Abbiendi, G. and others",
    collaboration = "ALEPH, DELPHI, L3, OPAL, LEP",
    title = "{Search for Charged Higgs bosons: Combined Results Using LEP Data}",
    eprint = "1301.6065",
    archivePrefix = "arXiv",
    primaryClass = "hep-ex",
    reportNumber = "CERN-PH-EP-2012-369",
    doi = "10.1140/epjc/s10052-013-2463-1",
    journal = "Eur. Phys. J. C",
    volume = "73",
    pages = "2463",
    year = "2013"
}

% H+: cms search 8TeV
@article{Khachatryan:2015qxa,
    author = "Khachatryan, Vardan and others",
    collaboration = "CMS",
    title = "{Search for a charged Higgs boson in pp collisions at $ \sqrt{s}=8 $ TeV}",
    eprint = "1508.07774",
    archivePrefix = "arXiv",
    primaryClass = "hep-ex",
    reportNumber = "CMS-HIG-14-023, CERN-PH-EP-2015-221",
    doi = "10.1007/JHEP11(2015)018",
    journal = "JHEP",
    volume = "11",
    pages = "018",
    year = "2015"
}


% H+: atlas search 8TeV
@article{Aad:2014kga,
    author = "Aad, Georges and others",
    collaboration = "ATLAS",
    title = "{Search for charged Higgs bosons decaying via $H^{\pm} \rightarrow \tau^{\pm}\nu$ in fully hadronic final states using $pp$ collision data at $\sqrt{s} = 8$ TeV with the ATLAS detector}",
    eprint = "1412.6663",
    archivePrefix = "arXiv",
    primaryClass = "hep-ex",
    reportNumber = "CERN-PH-EP-2014-274",
    doi = "10.1007/JHEP03(2015)088",
    journal = "JHEP",
    volume = "03",
    pages = "088",
    year = "2015"
}

% H+ atlas search 13 TeV
@article{Aaboud:2018gjj,
    author = "Aaboud, Morad and others",
    collaboration = "ATLAS",
    title = "{Search for charged Higgs bosons decaying via $H^{\pm} \to \tau^{\pm}\nu_{\tau}$ in the $\tau$+jets and $\tau$+lepton final states with 36 fb$^{-1}$ of $pp$ collision data recorded at $\sqrt{s} = 13$ TeV with the ATLAS experiment}",
    eprint = "1807.07915",
    archivePrefix = "arXiv",
    primaryClass = "hep-ex",
    reportNumber = "CERN-EP-2018-148",
    doi = "10.1007/JHEP09(2018)139",
    journal = "JHEP",
    volume = "09",
    pages = "139",
    year = "2018"
}


% H+ in top decay full calculation
@article{PhysRevD.99.095012,
  title = {Interference effects for the top quark decays $t\ensuremath{\rightarrow}b+{W}^{+}/{H}^{+}(\ensuremath{\rightarrow}{\ensuremath{\tau}}^{+}{\ensuremath{\nu}}_{\ensuremath{\tau}})$},
  author = {Moosavi Nejad, S. Mohammad and Abbaspour, S. and Farashahian, R.},
  journal = {Phys. Rev. D},
  volume = {99},
  issue = {9},
  pages = {095012},
  numpages = {11},
  year = {2019},
  month = {May},
  publisher = {American Physical Society},
  doi = {10.1103/PhysRevD.99.095012},
  url = {https://link.aps.org/doi/10.1103/PhysRevD.99.095012}
}


% LQ: keon constrain
@article{SHANKER1982375,
    title = "πℓ2, Kℓ3and K0−K0 constraints on leptoquarks and supersymmetric particles",
    journal = "Nuclear Physics B",
    volume = "204",
    number = "3",
    pages = "375 - 386",
    year = "1982",
    issn = "0550-3213",
    doi = "https://doi.org/10.1016/0550-3213(82)90196-1",
    url = "http://www.sciencedirect.com/science/article/pii/0550321382901961",
    author = "O. Shanker"
}

% LQ: GUT
@article{Georgi:1989xz,
    author = "Georgi, Howard and Jenkins, Elizabeth Ellen and Simmons, Elizabeth H.",
    title = "{The Ununified Standard Model}",
    reportNumber = "HUTP-89/A023",
    doi = "10.1016/0550-3213(90)90083-P",
    journal = "Nucl. Phys. B",
    volume = "331",
    pages = "541--555",
    year = "1990"
}


% Vcs Belle 41
@article{Zupanc:2013byn,
    author = "Zupanc, A. and others",
    collaboration = "Belle",
    title = "{Measurements of branching fractions of leptonic and hadronic $D_{s}^{+}$ meson decays and extraction of the $D_{s}^{+}$ meson decay constant}",
    eprint = "1307.6240",
    archivePrefix = "arXiv",
    primaryClass = "hep-ex",
    reportNumber = "BELLE-PREPRINT-2013-15, KEK-PREPRINT-2013-25",
    doi = "10.1007/JHEP09(2013)139",
    journal = "JHEP",
    volume = "09",
    pages = "139",
    year = "2013"
}

@article{Widhalm:2006wz,
    author = "Widhalm, L. and others",
    collaboration = "Belle",
    title = "{Measurement of D0 ---\ensuremath{>} pi l nu (Kl nu) Form Factors and Absolute Branching Fractions}",
    eprint = "hep-ex/0604049",
    archivePrefix = "arXiv",
    reportNumber = "BELLE-PREPRINT-2006-12",
    doi = "10.1103/PhysRevLett.97.061804",
    journal = "Phys. Rev. Lett.",
    volume = "97",
    pages = "061804",
    year = "2006"
} %29

% Vcs CLEO 42
@article{Alexander:2009ux,
    author = "Alexander, J.P. and others",
    collaboration = "CLEO",
    title = "{Measurement of $B{D_s^+ \to \ell^+ \nu}$ and the Decay Constant $fD_s^+$ From 600 $/pb^{-1}$ of $e^\pm$ Annihilation Data Near 4170 MeV}",
    eprint = "0901.1216",
    archivePrefix = "arXiv",
    primaryClass = "hep-ex",
    reportNumber = "CLNS-08-2044, CLEO-08-26",
    doi = "10.1103/PhysRevD.79.052001",
    journal = "Phys. Rev. D",
    volume = "79",
    pages = "052001",
    year = "2009"
}

@article{Onyisi:2009th,
    author = "Onyisi, P.U.E. and others",
    collaboration = "CLEO",
    title = "{Improved Measurement of Absolute Branching Fraction of D(s)+ ---\ensuremath{>} tau+ nu(tau)}",
    eprint = "0901.1147",
    archivePrefix = "arXiv",
    primaryClass = "hep-ex",
    reportNumber = "CLNS-08-2043, CLEO-08-25",
    doi = "10.1103/PhysRevD.79.052002",
    journal = "Phys. Rev. D",
    volume = "79",
    pages = "052002",
    year = "2009"
} %46

@article{Naik:2009tk,
    author = "Naik, P. and others",
    collaboration = "CLEO",
    title = "{Measurement of the Pseudoscalar Decay Constant f(D(s)) Using D(s)+ ---\ensuremath{>} tau+ nu, tau+ ---\ensuremath{>} rho+ anti-nu Decays}",
    eprint = "0910.3602",
    archivePrefix = "arXiv",
    primaryClass = "hep-ex",
    reportNumber = "CLNS-09-2061, CLEO-09-14",
    doi = "10.1103/PhysRevD.80.112004",
    journal = "Phys. Rev. D",
    volume = "80",
    pages = "112004",
    year = "2009"
} %47

@article{Besson:2009uv,
    author = "Besson, D. and others",
    collaboration = "CLEO",
    title = "{Improved measurements of D meson semileptonic decays to pi and K mesons}",
    eprint = "0906.2983",
    archivePrefix = "arXiv",
    primaryClass = "hep-ex",
    reportNumber = "CLNS-09-2049, CLEO-09-02",
    doi = "10.1103/PhysRevD.80.032005",
    journal = "Phys. Rev. D",
    volume = "80",
    pages = "032005",
    year = "2009"
} % 28



% Vcs Babar 43
@article{delAmoSanchez:2010jg,
    author = "del Amo Sanchez, P. and others",
    collaboration = "BaBar",
    title = "{Measurement of the Absolute Branching Fractions for $D^-_s\!\rightarrow\!\ell^-\bar{\nu}_{\ell}$ and Extraction of the Decay Constant $f_{D_s}$}",
    eprint = "1008.4080",
    archivePrefix = "arXiv",
    primaryClass = "hep-ex",
    reportNumber = "SLAC-PUB-14229, BABAR-CONF-10-024",
    doi = "10.1103/PhysRevD.82.091103",
    journal = "Phys. Rev. D",
    volume = "82",
    pages = "091103",
    year = "2010",
    note = "[Erratum: Phys.Rev.D 91, 019901 (2015)]"
}

@article{Aubert:2007wg,
    author = "Aubert, Bernard and others",
    editor = "Aug\'e, Etienne and Pietrzyk, Bolek and Tr\^an Thanh V\^an, Jean",
    collaboration = "BaBar",
    title = "{Measurement of the hadronic form-factor in $D^0 \to K^{-} e^{+} \nu_{e}$ 1}",
    eprint = "0704.0020",
    archivePrefix = "arXiv",
    primaryClass = "hep-ex",
    reportNumber = "SLAC-PUB-12417, BABAR-PUB-07-015",
    doi = "10.1103/PhysRevD.76.052005",
    journal = "Phys. Rev. D",
    volume = "76",
    pages = "052005",
    year = "2007"
}%48

% Vcs Bes 44
@article{Ablikim:2016duz,
    author = "Ablikim, Medina and others",
    collaboration = "BESIII",
    title = "{Measurement of the $D_s^+ \to \ell^+\nu_\ell$ branching fractions and the decay constant $f_{D_s^+}$}",
    eprint = "1608.06732",
    archivePrefix = "arXiv",
    primaryClass = "hep-ex",
    doi = "10.1103/PhysRevD.94.072004",
    journal = "Phys. Rev. D",
    volume = "94",
    number = "7",
    pages = "072004",
    year = "2016"
}

% Vcs Bes 45
@article{Ablikim:2018jun,
    author = "Ablikim, Medina and others",
    collaboration = "BESIII",
    title = "{Determination of the pseudoscalar decay constant $f_{D_s^+}$ via $D_s^+\to\mu^+\nu_\mu$}",
    eprint = "1811.10890",
    archivePrefix = "arXiv",
    primaryClass = "hep-ex",
    doi = "10.1103/PhysRevLett.122.071802",
    journal = "Phys. Rev. Lett.",
    volume = "122",
    number = "7",
    pages = "071802",
    year = "2019"
}

@article{Ablikim:2018evp,
    author = "Ablikim, Medina and others",
    collaboration = "BESIII",
    title = "{Study of the $D^0\to K^-\mu^+\nu_\mu$ dynamics and test of lepton flavor universality with $D^0\to K^-\ell^+\nu_\ell$ decays}",
    eprint = "1810.03127",
    archivePrefix = "arXiv",
    primaryClass = "hep-ex",
    doi = "10.1103/PhysRevLett.122.011804",
    journal = "Phys. Rev. Lett.",
    volume = "122",
    number = "1",
    pages = "011804",
    year = "2019"
}%49

@article{Ablikim:2015ixa,
    author = "Ablikim, M. and others",
    collaboration = "BESIII",
    title = "{Study of Dynamics of $D^0 \to K^- e^+ \nu_{e}$ and $D^0\to\pi^- e^+ \nu_{e}$ Decays}",
    eprint = "1508.07560",
    archivePrefix = "arXiv",
    primaryClass = "hep-ex",
    doi = "10.1103/PhysRevD.92.072012",
    journal = "Phys. Rev. D",
    volume = "92",
    number = "7",
    pages = "072012",
    year = "2015"
}% 26



% CKM: W->cs 51
@article{Abreu:1998ap,
    author = "Abreu, P. and others",
    collaboration = "DELPHI",
    title = "{Measurement of |V(cs)| using W decays at LEP-2}",
    reportNumber = "CERN-EP-98-115",
    doi = "10.1016/S0370-2693(98)01061-2",
    journal = "Phys. Lett. B",
    volume = "439",
    pages = "209--224",
    year = "1998"
} 


% hflav average 2019
@article{Amhis:2019ckw,
    author = "Amhis, Yasmine Sara and others",
    collaboration = "HFLAV",
    title = "{Averages of $b$-hadron, $c$-hadron, and $\tau$-lepton properties as of 2018}",
    eprint = "1909.12524",
    archivePrefix = "arXiv",
    primaryClass = "hep-ex",
    month = "9",
    year = "2019"
}



