
@techreport{cms:lumi2016:CMS-PAS-LUM-17-001,
    title         = "{CMS Luminosity Measurements for the 2016 Data TakingPeriod}",
    institution   = "CERN",
    collaboration = "CMS Collaboration",
    address       = "Geneva",
    number        = "CMS-PAS-LUM-17-001",
    year          = "2017",
    reportNumber  = "CMS-PAS-LUM-17-001",
    url           = "https://cds.cern.ch/record/2257069",
}



@techreport{CMS-PAS-TOP-16-021,
      title         = "{Investigations of the impact of the parton shower tuning
                       in Pythia 8 in the modelling of $\mathrm{t\overline{t}}$ at
                       $\sqrt{s}=8$ and 13 TeV}",
      institution   = "CERN",
      collaboration = "CMS Collaboration",
      address       = "Geneva",
      number        = "CMS-PAS-TOP-16-021",
      year          = "2016",
      reportNumber  = "CMS-PAS-TOP-16-021",
      url           = "https://cds.cern.ch/record/2235192",
}

@techreport{CMS-PAS-TOP-16-011,
      title         = "{Measurement of the differential cross section for
                       $\mathrm{t \bar t}$ production in the dilepton final state
                       at $\sqrt{s}=13~\mathrm{TeV}$}",
      institution   = "CERN",
      collaboration = "CMS Collaboration",
      address       = "Geneva",
      number        = "CMS-PAS-TOP-16-011",
      year          = "2016",
      reportNumber  = "CMS-PAS-TOP-16-011",
      url           = "http://cds.cern.ch/record/2140061",
}

@techreport{CMS-PAS-TOP-16-008,
      title         = "{Measurement of the inclusive and differential tt
                       production cross sections in lepton + jets final states at
                       13 TeV}",
      institution   = "CERN",
      collaboration = "CMS Collaboration",
      address       = "Geneva",
      number        = "CMS-PAS-TOP-16-008",
      year          = "2016",
      reportNumber  = "CMS-PAS-TOP-16-008",
      url           = "http://cds.cern.ch/record/2141097",
}



@article{Meade:2014fca,
      author         = "Meade, Patrick and Ramani, Harikrishnan and Zeng, Mao",
      title          = "{Transverse momentum resummation effects in $W^+W^-$
                        measurements}",
      journal        = "Phys. Rev.",
      volume         = "D90",
      year           = "2014",
      number         = "11",
      pages          = "114006",
      doi            = "10.1103/PhysRevD.90.114006",
      eprint         = "1407.4481",
      archivePrefix  = "arXiv",
      primaryClass   = "hep-ph",
      SLACcitation   = "%%CITATION = ARXIV:1407.4481;%%"
}

@article{Jaiswal:2014yba,
      author         = "Jaiswal, Prerit and Okui, Takemichi",
      title          = "{Explanation of the $WW$ excess at the LHC by jet-veto
                        resummation}",
      journal        = "Phys. Rev.",
      volume         = "D90",
      year           = "2014",
      number         = "7",
      pages          = "073009",
      doi            = "10.1103/PhysRevD.90.073009",
      eprint         = "1407.4537",
      archivePrefix  = "arXiv",
      primaryClass   = "hep-ph",
      SLACcitation   = "%%CITATION = ARXIV:1407.4537;%%"
}

@article{Grazzini:2015wpa,
      author         = "Grazzini, Massimiliano and Kallweit, Stefan and Rathlev,
                        Dirk and Wiesemann, Marius",
      title          = "{Transverse-momentum resummation for vector-boson pair
                        production at NNLL+NNLO}",
      journal        = "JHEP",
      volume         = "08",
      year           = "2015",
      pages          = "154",
      doi            = "10.1007/JHEP08(2015)154",
      eprint         = "1507.02565",
      archivePrefix  = "arXiv",
      primaryClass   = "hep-ph",
      reportNumber   = "ZU-TH-20-15, MITP-15-051",
      SLACcitation   = "%%CITATION = ARXIV:1507.02565;%%"
}

@article{Sirunyan:2018fpa,
      author         = "Sirunyan, A. M. and others",
      title          = "{Performance of the CMS muon detector and muon
                        reconstruction with proton-proton collisions at
                        $\sqrt{s}=$ 13 TeV}",
      collaboration  = "CMS",
      journal        = "JINST",
      volume         = "13",
      year           = "2018",
      number         = "06",
      pages          = "P06015",
      doi            = "10.1088/1748-0221/13/06/P06015",
      eprint         = "1804.04528",
      archivePrefix  = "arXiv",
      primaryClass   = "physics.ins-det",
      reportNumber   = "CMS-MUO-16-001, CERN-EP-2018-058",
      SLACcitation   = "%%CITATION = ARXIV:1804.04528;%%"
}

@article{Chatrchyan:2012xi,
      author         = "Chatrchyan, Serguei and others",
      title          = "{Performance of CMS muon reconstruction in $pp$ collision
                        events at $\sqrt{s}=7$ TeV}",
      collaboration  = "CMS",
      journal        = "JINST",
      volume         = "7",
      year           = "2012",
      pages          = "P10002",
      doi            = "10.1088/1748-0221/7/10/P10002",
      eprint         = "1206.4071",
      archivePrefix  = "arXiv",
      primaryClass   = "physics.ins-det",
      reportNumber   = "CMS-MUO-10-004, CERN-PH-EP-2012-173",
      SLACcitation   = "%%CITATION = ARXIV:1206.4071;%%"
}

@article{Baffioni:2006cd,
      author         = "Baffioni, S. and Charlot, C. and Ferri, F. and Futyan, D.
                        and Meridiani, P. and Puljak, I. and Rovelli, C> and Salerno, R. and Sirois, Y.",
      title          = "{Electron reconstruction in CMS}",
      journal        = "Eur. Phys. J. C",
      volume         = "49",
      pages          = "1099",
      doi            = "10.1140/epjc/s10052-006-0175-5",
      year           = "2007",
      reportNumber   = "CERN-CMS-NOTE-2006-040",
      SLACcitation   = "%%CITATION = EPHJA,C49,1099;%%",
}

@article{ref:cms-tau,
  author  = {The CMS collaboration},
  title   = {Reconstruction and identification of $\tau$ lepton decays to hadrons and $\nu_\tau$ at CMS},
  journal = {Journal of Instrumentation},
  volume  = {11},
  number  = {01},
  pages   = {P01019},
  url     = {http://stacks.iop.org/1748-0221/11/i=01/a=P01019},
  year    = {2016},
}

@techreport{CMS-TAU-16-003-001,
      title         = "{Tau ID Performance at CMS in Run II with the 2016 pp Dataset}",
      institution   = "CERN",
      collaboration = "CMS Collaboration",
      address       = "Geneva",
      number        = "CMS-TAU-16-003-001",
      year          = "2018",
      reportNumber  = "CMS-TAU-16-003-001",
      url           = "https://cds.cern.ch/record/2316943",
}


@article{ref:jetscale,
	AUTHOR      = "Chatrchyan, Serguei and others",
	COLLABORATION = {CMS},
	title     = "Determination of jet energy calibration and transverse momentum resolution in {CMS}",
	journal   = "JINST",
	volume    = "6",
	year      = "2011",
	pages     = "11002",
	eprint    = "1107.4277",
	archivePrefix = "arXiv",
	primaryClass  =  "physics.ins-det",
	doi       = "10.1088/1748-0221/6/11/P11002",
	SLACcitation  = "%%CITATION = 1107.4277;%%"
}

@TECHREPORT{ref:pf,
	  COLLABORATION = "CMS",
      INSTITUTION   = "CERN",
	  TITLE         = "Particle--Flow Event Reconstruction in {CMS} and Performance for Jets, Taus, and {\MET}",
	  AUTHOR        = "{CMS Collaboration}",
	  URL           = "http://cdsweb.cern.ch/record/1194487",
	  TYPE          = "CMS Physics Analysis Summary",
	  NUMBER        = "CMS-PAS-PFT-09-001",
	  YEAR          = "2009"
}


@Article{Cacciari:2008gp,
	 AUTHOR    = "Cacciari, Matteo and Salam, Gavin P. and Soyez, Gregory",
	 TITLE     = "The anti-$k_t$ jet clustering algorithm",
	 JOURNAL   = "JHEP",
	 VOLUME    = "04",
	 YEAR      = "2008",
	 PAGES     = "063",
	 doi       = "10.1088/1126-6708/2008/04/063",
	 eprint         = "0802.1189",
	 archivePrefix  = "arXiv",
	 primaryClass   = "hep-ex",
}

@article{Sirunyan:2298594,
      title         = "{Identification of heavy-flavour jets with the CMS
                       detector in pp collisions at 13 TeV.}",
      journal       = "JINST",
      collaboration = "CMS Collaboration",
      number        = "CMS-BTV-16-002. CMS-BTV-16-002-004. 05",
      volume        = "13",
      pages         = "P05011. 114 p",
      month         = "Dec",
      year          = "2017",
      reportNumber  = "CMS-BTV-16-002",
      url           = "https://cds.cern.ch/record/2298594",
      note          = "Replaced with the published version. Added the journal
                       reference and the DOI. All the figures and tables can be
                       found at
                       http://cms-results.web.cern.ch/cms-results/public-results/publications/BTV-16-002
                       (CMS Public Pages)",
}

@misc{twiki:btag_method,
    title = "{b tag scale factor methods}",
    howpublished = {\url{https://twiki.cern.ch/twiki/bin/view/CMS/BTagSFMethods#2a_Jet_by_jet_updating_of_the_b}},
    note = {accessed: 2018-07-16}
}