
% lep
@article{exhep:lep:Myers:1991ym,
    author = "Myers, Stephen",
    title = "{The LEP collider, from design to approval and commissioning}",
    reportNumber = "CERN-91-08, CERN-YELLOW-91-08",
    doi = "10.5170/CERN-1991-008",
    month = "10",
    year = "1991"
}


% lhc
@article{exhep:lhc:Evans:2008zzb,
    author = "Evans, Lyndon and Bryant, Philip",
    title = "{LHC Machine}",
    doi = "10.1088/1748-0221/3/08/S08001",
    journal = "JINST",
    volume = "3",
    pages = "S08001",
    year = "2008"
}

%  LHC facts and figures
@misc{exhep:lhcFactsFigures,
    author = {CERN},
    editor = {CERN},
    title = {Facts and figures about the LHC},
    url = {https://home.cern/resources/faqs/facts-and-figures-about-lhc},
    lastchecked = {2020-08-19}
}




% lhc inject
@article{exhep:lhcInject:Benedikt:2004wm,
    editor = "Benedikt, M. and Collier, P. and Mertens, V. and Poole, J. and Schindl, K.",
    title = "{LHC Design Report. 3. The LHC injector chain}",
    reportNumber = "CERN-2004-003-V-3, CERN-2004-003",
    doi = "10.5170/CERN-2004-003-V-3",
    month = "12",
    year = "2004"
}


% fcc
@article{exhep:fcc:Benedikt:2715354,
      author        = "Benedikt, Michael and Blondel, Alain and Janot, Patrick
                       and Mangano, Michelangelo and Zimmermann, Frank",
      title         = "{Future Circular Colliders succeeding the LHC}",
      journal       = "Nature Phys.",
      number        = "4",
      volume        = "16",
      pages         = "402-407. 6 p",
      year          = "2020",
      url           = "https://cds.cern.ch/record/2715354",
      doi           = "10.1038/s41567-020-0856-2",
}


% cms
@article{exhep:cms:Chatrchyan:2008aa,
    author         = "Chatrchyan, S. and others",
    title          = "{The CMS Experiment at the CERN LHC}",
    collaboration  = "CMS",
    journal        = "JINST",
    volume         = "3",
    year           = "2008",
    pages          = "S08004",
    doi            = "10.1088/1748-0221/3/08/S08004",
}


%  alice
@article{exhep:alice:Aamodt:2008zz,
    author = "Aamodt, K. and others",
    collaboration = "ALICE",
    title = "{The ALICE experiment at the CERN LHC}",
    doi = "10.1088/1748-0221/3/08/S08002",
    journal = "JINST",
    volume = "3",
    pages = "S08002",
    year = "2008"
}


% lhcb
@article{exhep:lhcb:Alves:2008zz,
    author = "Alves, A.Augusto, Jr. and others",
    collaboration = "LHCb",
    title = "{The LHCb Detector at the LHC}",
    doi = "10.1088/1748-0221/3/08/S08005",
    journal = "JINST",
    volume = "3",
    pages = "S08005",
    year = "2008"
}

%  atlas
@article{exhep:atlas:Aad:2008zzm,
    author = "Aad, G. and others",
    collaboration = "ATLAS",
    title = "{The ATLAS Experiment at the CERN Large Hadron Collider}",
    doi = "10.1088/1748-0221/3/08/S08003",
    journal = "JINST",
    volume = "3",
    pages = "S08003",
    year = "2008"
}

% cms higgs discovery
@article{exhep:cmsHiggsDisc:Chatrchyan:2012ufa,
    author = "Chatrchyan, Serguei and others",
    collaboration = "CMS",
    title = "{Observation of a New Boson at a Mass of 125 GeV with the CMS Experiment at the LHC}",
    eprint = "1207.7235",
    archivePrefix = "arXiv",
    primaryClass = "hep-ex",
    reportNumber = "CMS-HIG-12-028, CERN-PH-EP-2012-220",
    doi = "10.1016/j.physletb.2012.08.021",
    journal = "Phys. Lett. B",
    volume = "716",
    pages = "30--61",
    year = "2012"
}

% atlas higgs discovery
@article{exhep:atlasHiggsDisc:Aad:2012tfa,
    author = "Aad, Georges and others",
    collaboration = "ATLAS",
    title = "{Observation of a new particle in the search for the Standard Model Higgs boson with the ATLAS detector at the LHC}",
    eprint = "1207.7214",
    archivePrefix = "arXiv",
    primaryClass = "hep-ex",
    reportNumber = "CERN-PH-EP-2012-218",
    doi = "10.1016/j.physletb.2012.08.020",
    journal = "Phys. Lett. B",
    volume = "716",
    pages = "1--29",
    year = "2012"
}

% pdg
@article{exhep:pdg:Patrignani:2016xqp,
      author         = "Patrignani, C. and others",
      title          = "{Review of Particle Physics}",
      collaboration  = "Particle Data Group",
      journal        = "Chin. Phys.",
      volume         = "C40",
      year           = "2016",
      number         = "10",
      pages          = "100001",
      doi            = "10.1088/1674-1137/40/10/100001",
      SLACcitation   = "%%CITATION = CHPHD,C40,100001;%%"
}
