
% mchep
@article{tech:mchep:Dobbs:2001ck,
    author = "Dobbs, Matt and Hansen, Jorgen Beck",
    title = "{The HepMC C++ Monte Carlo event record for High Energy Physics}",
    reportNumber = "ATL-SOFT-2000-001",
    doi = "10.1016/S0010-4655(00)00189-2",
    journal = "Comput. Phys. Commun.",
    volume = "134",
    pages = "41--46",
    year = "2001"
}


% kalman filter
@article{tech:kf:Fruhwirth:1987fm,
    author = "Fruhwirth, R.",
    title = "{Application of Kalman filtering to track and vertex fitting}",
    reportNumber = "HEPHY-PUB-87-503",
    doi = "10.1016/0168-9002(87)90887-4",
    journal = "Nucl. Instrum. Meth. A",
    volume = "262",
    pages = "444--450",
    year = "1987"
}

% gsf
@article{tech:gsf:Adam:2005bya,
    author = "Adam, Wolfgang and Fr√ºhwirth, R. and Strandlie, Are and Todor, T.",
    title = "{Reconstruction of Electrons with the Gaussian-Sum Filter in the CMS Tracker at the LHC}",
    reportNumber = "CMS-NOTE-2005-001, CERN-CMS-NOTE-2005-001",
    month = "1",
    year = "2005"
}


% anti kt
@article{tech:antikt:Cacciari:2008gp,
    author = "Cacciari, Matteo and Salam, Gavin P. and Soyez, Gregory",
    title = "{The anti-$k_t$ jet clustering algorithm}",
    eprint = "0802.1189",
    archivePrefix = "arXiv",
    primaryClass = "hep-ph",
    reportNumber = "LPTHE-07-03",
    doi = "10.1088/1126-6708/2008/04/063",
    journal = "JHEP",
    volume = "04",
    pages = "063",
    year = "2008"
}