

% intent
@article{cms:intent:DellaNegra:1992hp,
    author = "Della Negra, M. and others",
    collaboration = "CMS",
    title = "{CMS: The Compact Muon Solenoid: Letter of intent for a general purpose detector at the LHC}",
    reportNumber = "CERN-LHCC-92-03, CERN-LHCC-I-1",
    month = "10",
    year = "1992"
}

%  trigger
@article{cms:trigger:Khachatryan:2016bia,
    author = "Khachatryan, Vardan and others",
    collaboration = "CMS",
    title = "{The CMS trigger system}",
    eprint = "1609.02366",
    archivePrefix = "arXiv",
    primaryClass = "physics.ins-det",
    reportNumber = "CMS-TRG-12-001, CERN-EP-2016-160",
    doi = "10.1088/1748-0221/12/01/P01020",
    journal = "JINST",
    volume = "12",
    number = "01",
    pages = "P01020",
    year = "2017"
}

% particle flow
@article{cms:particleflow:Sirunyan:2017ulk,
    author = "Sirunyan, A.M. and others",
    collaboration = "CMS",
    title = "{Particle-flow reconstruction and global event description with the CMS detector}",
    eprint = "1706.04965",
    archivePrefix = "arXiv",
    primaryClass = "physics.ins-det",
    reportNumber = "CMS-PRF-14-001, CERN-EP-2017-110",
    doi = "10.1088/1748-0221/12/10/P10003",
    journal = "JINST",
    volume = "12",
    number = "10",
    pages = "P10003",
    year = "2017"
}

%  public luminoisty website
@misc{cms:publicLumiInfo,
    author = {The CMS Collaboration},
    editor = {Paul Lujan},
    title = {Public CMS Luminosity Information},
    url = {https://twiki.cern.ch/twiki/bin/view/CMSPublic/LumiPublicResults#LHC_and_CMS_luminosity_records},
    lastchecked = {2020-08-19}
}

%  official webpage for cms detector overview
@misc{cms:detectorOverview,
    author = {The CMS Collaboration},
    title = {About CMS Detector},
    url = {https://cms.cern/detector},
    lastchecked = {2020-08-19}
}

% muon chamber website
@misc{cms:muonChamberWebsite,
    author = {The CMS Collaboration},
    title = {Performance of the CMS Muon Detectors in early 2016 collision runs},
    url = {https://twiki.cern.ch/twiki/bin/view/CMSPublic/MuonDPGPublic160729},
    lastchecked = {2020-08-20}
}



% cms magnet TDR
@article{cms:magnetTdr:Acquistapace:1997fm,
    author = "Acquistapace, G. and others",
    collaboration = "CMS",
    title = "{CMS, the magnet project: Technical design report}",
    reportNumber = "CERN-LHCC-97-10",
    month = "5",
    year = "1997"
}

% Tracker TDR
@article{cms:trackerTdr:CMS:1997tlf,
    author = "Karim√§ki, V.",
    editor = "Mannelli, M. and Siegrist, P. and Breuker, H. and Caner, A. and Castaldi, R. and Freudenreich, K. and Hall, G. and Horisberger, R. and Huhtinen, M. and Cattai, A.",
    collaboration = "CMS",
    title = "{The CMS tracker system project}: {Technical Design Report}",
    reportNumber = "CERN-LHCC-98-006, CMS-TDR-5",
    year = "1997"
}

% ECAL TDR
@article{cms:ecalTdr:CMS:1997ysd,
    collaboration = "CMS",
    title = "{The CMS electromagnetic calorimeter project}: {Technical Design Report}",
    reportNumber = "CERN-LHCC-97-033, CMS-TDR-4",
    year = "1997"
}

% HCAL TDR
@article{cms:hcalTdrCMS:1997xji,
    collaboration = "CMS",
    title = "{The CMS hadron calorimeter project}: {Technical Design Report}",
    reportNumber = "CERN-LHCC-97-031, CMS-TDR-2",
    year = "1997"
}

% muon TDR
@article{cms:muonChamberTdr:CMS:1997iti,
    collaboration = "CMS",
    title = "{The CMS muon project}: {Technical Design Report}",
    reportNumber = "CERN-LHCC-97-032, CMS-TDR-3",
    year = "1997"
}

% 2006 CMS TDR 1 performance and software
@article{cms:tdr1:Bayatian:2006nff,
    author = "Bayatian, G. L. and others",
    collaboration = "CMS",
    title = "{CMS Physics}: {Technical Design Report Volume 1: Detector Performance and Software}",
    reportNumber = "CERN-LHCC-2006-001, CMS-TDR-8-1",
    year = "2006"
}


% 2007 CMS TDR2 : physics performance
@article{cms:tdr2:Ball:2007zza,
    author = "Bayatian, G.L. and others",
    collaboration = "CMS",
    title = "{CMS technical design report, volume II: Physics performance}",
    reportNumber = "CERN-LHCC-2006-021, CMS-TDR-008-2",
    doi = "10.1088/0954-3899/34/6/S01",
    journal = "J. Phys. G",
    volume = "34",
    number = "6",
    pages = "995--1579",
    year = "2007"
}


