% lhc
@article{exhep:lhc:Evans:2008zzb,
    author = "Evans, Lyndon and Bryant, Philip",
    title = "{LHC Machine}",
    doi = "10.1088/1748-0221/3/08/S08001",
    journal = "JINST",
    volume = "3",
    pages = "S08001",
    year = "2008"
}


% lep
@article{exhep:lep:Myers:1991ym,
    author = "Myers, Stephen",
    title = "{The LEP collider, from design to approval and commissioning}",
    reportNumber = "CERN-91-08, CERN-YELLOW-91-08",
    doi = "10.5170/CERN-1991-008",
    month = "10",
    year = "1991"
}

% cms
@article{exhep:cms:Chatrchyan:2008aa,
    author         = "Chatrchyan, S. and others",
    title          = "{The CMS Experiment at the CERN LHC}",
    collaboration  = "CMS",
    journal        = "JINST",
    volume         = "3",
    year           = "2008",
    pages          = "S08004",
    doi            = "10.1088/1748-0221/3/08/S08004",
}


%  alice
@article{exhep:alice:Aamodt:2008zz,
    author = "Aamodt, K. and others",
    collaboration = "ALICE",
    title = "{The ALICE experiment at the CERN LHC}",
    doi = "10.1088/1748-0221/3/08/S08002",
    journal = "JINST",
    volume = "3",
    pages = "S08002",
    year = "2008"
}


% lhcb
@article{exhep:lhcb:Alves:2008zz,
    author = "Alves, A.Augusto, Jr. and others",
    collaboration = "LHCb",
    title = "{The LHCb Detector at the LHC}",
    doi = "10.1088/1748-0221/3/08/S08005",
    journal = "JINST",
    volume = "3",
    pages = "S08005",
    year = "2008"
}

%  atlas
@article{exhep:atlas:Aad:2008zzm,
    author = "Aad, G. and others",
    collaboration = "ATLAS",
    title = "{The ATLAS Experiment at the CERN Large Hadron Collider}",
    doi = "10.1088/1748-0221/3/08/S08003",
    journal = "JINST",
    volume = "3",
    pages = "S08003",
    year = "2008"
}




%  LHC facts and figures
@misc{exhep:lhcFactsFigures,
    author = {CERN},
    editor = {CERN},
    title = {Facts and figures about the LHC},
    url = {https://home.cern/resources/faqs/facts-and-figures-about-lhc},
    lastchecked = {2020-08-19}
}



% lhc inject
@article{exhep:lhcInject:Benedikt:2004wm,
    editor = "Benedikt, M. and Collier, P. and Mertens, V. and Poole, J. and Schindl, K.",
    title = "{LHC Design Report. 3. The LHC injector chain}",
    reportNumber = "CERN-2004-003-V-3, CERN-2004-003",
    doi = "10.5170/CERN-2004-003-V-3",
    month = "12",
    year = "2004"
}


% fcc
@article{exhep:fcc:Benedikt:2715354,
      author        = "Benedikt, Michael and Blondel, Alain and Janot, Patrick
                       and Mangano, Michelangelo and Zimmermann, Frank",
      title         = "{Future Circular Colliders succeeding the LHC}",
      journal       = "Nature Phys.",
      number        = "4",
      volume        = "16",
      pages         = "402-407. 6 p",
      year          = "2020",
      url           = "https://cds.cern.ch/record/2715354",
      doi           = "10.1038/s41567-020-0856-2",
}



% cms higgs discovery
@article{exhep:cmsHiggsDisc:Chatrchyan:2012ufa,
    author = "Chatrchyan, Serguei and others",
    collaboration = "CMS",
    title = "{Observation of a New Boson at a Mass of 125 GeV with the CMS Experiment at the LHC}",
    eprint = "1207.7235",
    archivePrefix = "arXiv",
    primaryClass = "hep-ex",
    reportNumber = "CMS-HIG-12-028, CERN-PH-EP-2012-220",
    doi = "10.1016/j.physletb.2012.08.021",
    journal = "Phys. Lett. B",
    volume = "716",
    pages = "30--61",
    year = "2012"
}

% atlas higgs discovery
@article{exhep:atlasHiggsDisc:Aad:2012tfa,
    author = "Aad, Georges and others",
    collaboration = "ATLAS",
    title = "{Observation of a new particle in the search for the Standard Model Higgs boson with the ATLAS detector at the LHC}",
    eprint = "1207.7214",
    archivePrefix = "arXiv",
    primaryClass = "hep-ex",
    reportNumber = "CERN-PH-EP-2012-218",
    doi = "10.1016/j.physletb.2012.08.020",
    journal = "Phys. Lett. B",
    volume = "716",
    pages = "1--29",
    year = "2012"
}

% pdg
@article{exhep:pdg:Patrignani:2016xqp,
      author         = "Patrignani, C. and others",
      title          = "{Review of Particle Physics}",
      collaboration  = "Particle Data Group",
      journal        = "Chin. Phys.",
      volume         = "C40",
      year           = "2016",
      number         = "10",
      pages          = "100001",
      doi            = "10.1088/1674-1137/40/10/100001",
      SLACcitation   = "%%CITATION = CHPHD,C40,100001;%%"
}






% intent
@article{cms:intent:DellaNegra:1992hp,
    author = "Della Negra, M. and others",
    collaboration = "CMS",
    title = "{CMS: The Compact Muon Solenoid: Letter of intent for a general purpose detector at the LHC}",
    reportNumber = "CERN-LHCC-92-03, CERN-LHCC-I-1",
    month = "10",
    year = "1992"
}



%  trigger
@article{cms:trigger:Khachatryan:2016bia,
    author = "Khachatryan, Vardan and others",
    collaboration = "CMS",
    title = "{The CMS trigger system}",
    eprint = "1609.02366",
    archivePrefix = "arXiv",
    primaryClass = "physics.ins-det",
    reportNumber = "CMS-TRG-12-001, CERN-EP-2016-160",
    doi = "10.1088/1748-0221/12/01/P01020",
    journal = "JINST",
    volume = "12",
    number = "01",
    pages = "P01020",
    year = "2017"
}

% particle flow
@article{cms:particleflow:Sirunyan:2017ulk,
    author = "Sirunyan, A.M. and others",
    collaboration = "CMS",
    title = "{Particle-flow reconstruction and global event description with the CMS detector}",
    eprint = "1706.04965",
    archivePrefix = "arXiv",
    primaryClass = "physics.ins-det",
    reportNumber = "CMS-PRF-14-001, CERN-EP-2017-110",
    doi = "10.1088/1748-0221/12/10/P10003",
    journal = "JINST",
    volume = "12",
    number = "10",
    pages = "P10003",
    year = "2017"
}

%  public luminoisty website
@misc{cms:publicLumiInfo,
    author = {The CMS Collaboration},
    editor = {Paul Lujan},
    title = {Public CMS Luminosity Information},
    url = {https://twiki.cern.ch/twiki/bin/view/CMSPublic/LumiPublicResults#LHC_and_CMS_luminosity_records},
    lastchecked = {2020-08-19}
}

%  official webpage for cms detector overview
@misc{cms:detectorOverview,
    author = {The CMS Collaboration},
    title = {About CMS Detector},
    url = {https://cms.cern/detector},
    lastchecked = {2020-08-19}
}

% muon chamber website
@misc{cms:muonChamberWebsite,
    author = {The CMS Collaboration},
    title = {Performance of the CMS Muon Detectors in early 2016 collision runs},
    url = {https://twiki.cern.ch/twiki/bin/view/CMSPublic/MuonDPGPublic160729},
    lastchecked = {2020-08-20}
}



% cms magnet TDR
@article{cms:magnetTdr:Acquistapace:1997fm,
    author = "Acquistapace, G. and others",
    collaboration = "CMS",
    title = "{CMS, the magnet project: Technical design report}",
    reportNumber = "CERN-LHCC-97-10",
    month = "5",
    year = "1997"
}

% Tracker TDR
@article{cms:trackerTdr:CMS:1997tlf,
    author = "Karimäki, V.",
    editor = "Mannelli, M. and Siegrist, P. and Breuker, H. and Caner, A. and Castaldi, R. and Freudenreich, K. and Hall, G. and Horisberger, R. and Huhtinen, M. and Cattai, A.",
    collaboration = "CMS",
    title = "{The CMS tracker system project}: {Technical Design Report}",
    reportNumber = "CERN-LHCC-98-006, CMS-TDR-5",
    year = "1997"
}

% ECAL TDR
@article{cms:ecalTdr:CMS:1997ysd,
    collaboration = "CMS",
    title = "{The CMS electromagnetic calorimeter project}: {Technical Design Report}",
    reportNumber = "CERN-LHCC-97-033, CMS-TDR-4",
    year = "1997"
}

% HCAL TDR
@article{cms:hcalTdrCMS:1997xji,
    collaboration = "CMS",
    title = "{The CMS hadron calorimeter project}: {Technical Design Report}",
    reportNumber = "CERN-LHCC-97-031, CMS-TDR-2",
    year = "1997"
}

% muon TDR
@article{cms:muonChamberTdr:CMS:1997iti,
    collaboration = "CMS",
    title = "{The CMS muon project}: {Technical Design Report}",
    reportNumber = "CERN-LHCC-97-032, CMS-TDR-3",
    year = "1997"
}

% 2006 CMS TDR 1 performance and software
@article{cms:tdr1:Bayatian:2006nff,
    author = "Bayatian, G. L. and others",
    collaboration = "CMS",
    title = "{CMS Physics}: {Technical Design Report Volume 1: Detector Performance and Software}",
    reportNumber = "CERN-LHCC-2006-001, CMS-TDR-8-1",
    year = "2006"
}


% 2007 CMS TDR2 : physics performance
@article{cms:tdr2:Ball:2007zza,
    author = "Bayatian, G.L. and others",
    collaboration = "CMS",
    title = "{CMS technical design report, volume II: Physics performance}",
    reportNumber = "CERN-LHCC-2006-021, CMS-TDR-008-2",
    doi = "10.1088/0954-3899/34/6/S01",
    journal = "J. Phys. G",
    volume = "34",
    number = "6",
    pages = "995--1579",
    year = "2007"
}



% HLT
@article{Trocino:2014jya,
    author = "Trocino, Daniele",
    editor = "Groep, D. L. and Bonacorsi, D.",
    title = "{The CMS High Level Trigger}",
    doi = "10.1088/1742-6596/513/1/012036",
    journal = "J. Phys. Conf. Ser.",
    volume = "513",
    pages = "012036",
    year = "2014"
}

% mchep
@article{tech:mchep:Dobbs:2001ck,
    author = "Dobbs, Matt and Hansen, Jorgen Beck",
    title = "{The HepMC C++ Monte Carlo event record for High Energy Physics}",
    reportNumber = "ATL-SOFT-2000-001",
    doi = "10.1016/S0010-4655(00)00189-2",
    journal = "Comput. Phys. Commun.",
    volume = "134",
    pages = "41--46",
    year = "2001"
}


% kalman filter
@article{tech:kf:Fruhwirth:1987fm,
    author = "Fruhwirth, R.",
    title = "{Application of Kalman filtering to track and vertex fitting}",
    reportNumber = "HEPHY-PUB-87-503",
    doi = "10.1016/0168-9002(87)90887-4",
    journal = "Nucl. Instrum. Meth. A",
    volume = "262",
    pages = "444--450",
    year = "1987"
}

% gsf
@article{tech:gsf:Adam:2005bya,
    author = "Adam, Wolfgang and Frühwirth, R. and Strandlie, Are and Todor, T.",
    title = "{Reconstruction of Electrons with the Gaussian-Sum Filter in the CMS Tracker at the LHC}",
    reportNumber = "CMS-NOTE-2005-001, CERN-CMS-NOTE-2005-001",
    month = "1",
    year = "2005"
}


% anti kt
@article{tech:antikt:Cacciari:2008gp,
    author = "Cacciari, Matteo and Salam, Gavin P. and Soyez, Gregory",
    title = "{The anti-$k_t$ jet clustering algorithm}",
    eprint = "0802.1189",
    archivePrefix = "arXiv",
    primaryClass = "hep-ph",
    reportNumber = "LPTHE-07-03",
    doi = "10.1088/1126-6708/2008/04/063",
    journal = "JHEP",
    volume = "04",
    pages = "063",
    year = "2008"
}



% btag for Run 1
@article{Chatrchyan:2012jua,
    author = "Chatrchyan, Serguei and others",
    collaboration = "CMS",
    title = "{Identification of b-Quark Jets with the CMS Experiment}",
    eprint = "1211.4462",
    archivePrefix = "arXiv",
    primaryClass = "hep-ex",
    reportNumber = "CMS-BTV-12-001, CERN-PH-EP-2012-262",
    doi = "10.1088/1748-0221/8/04/P04013",
    journal = "JINST",
    volume = "8",
    pages = "P04013",
    year = "2013"
}

% btag csvV2 2016
@article{Sirunyan:2017ezt,
    author = "Sirunyan, A.M. and others",
    collaboration = "CMS",
    title = "{Identification of heavy-flavour jets with the CMS detector in pp collisions at 13 TeV}",
    eprint = "1712.07158",
    archivePrefix = "arXiv",
    primaryClass = "physics.ins-det",
    reportNumber = "CMS-BTV-16-002, CERN-EP-2017-326",
    doi = "10.1088/1748-0221/13/05/P05011",
    journal = "JINST",
    volume = "13",
    number = "05",
    pages = "P05011",
    year = "2018"
}

% btag deepJet
@article{Bols:2020bkb,
    author = "Bols, Emil and Kieseler, Jan and Verzetti, Mauro and Stoye, Markus and Stakia, Anna",
    title = "{Jet Flavour Classification Using DeepJet}",
    eprint = "2008.10519",
    archivePrefix = "arXiv",
    primaryClass = "hep-ex",
    doi = "10.1088/1748-0221/15/12/P12012",
    journal = "JINST",
    volume = "15",
    number = "12",
    pages = "P12012",
    year = "2020"
}


% tau id 7 TeV
@article{Chatrchyan:2012zz,
    author = "Chatrchyan, Serguei and others",
    collaboration = "CMS",
    title = "{Performance of tau-lepton reconstruction and identification in CMS}",
    eprint = "1109.6034",
    archivePrefix = "arXiv",
    primaryClass = "physics.ins-det",
    reportNumber = "CERN-PH-EP-2011-137, CMS-TAU-11-001",
    doi = "10.1088/1748-0221/7/01/P01001",
    journal = "JINST",
    volume = "7",
    pages = "P01001",
    year = "2012"
}

% tau Id 8 TeV
@article{Khachatryan:2015dfa,
    author = "Khachatryan, Vardan and others",
    collaboration = "CMS",
    title = "{Reconstruction and identification of \ensuremath{\tau} lepton decays to hadrons and \ensuremath{\nu}$_τ$ at CMS}",
    eprint = "1510.07488",
    archivePrefix = "arXiv",
    primaryClass = "physics.ins-det",
    reportNumber = "CMS-TAU-14-001, CERN-PH-EP-2015-261",
    doi = "10.1088/1748-0221/11/01/P01019",
    journal = "JINST",
    volume = "11",
    number = "01",
    pages = "P01019",
    year = "2016"
}


% tau ID 13 TeV 2016
@article{Sirunyan:2018pgf,
    author = "Sirunyan, A.M. and others",
    collaboration = "CMS",
    title = "{Performance of reconstruction and identification of $\tau$ leptons decaying to hadrons and $\nu_\tau$ in pp collisions at $\sqrt{s}=$ 13 TeV}",
    eprint = "1809.02816",
    archivePrefix = "arXiv",
    primaryClass = "hep-ex",
    reportNumber = "CMS-TAU-16-003, CERN-EP-2018-229",
    doi = "10.1088/1748-0221/13/10/P10005",
    journal = "JINST",
    volume = "13",
    number = "10",
    pages = "P10005",
    year = "2018"
}



@misc{deepTauTalk,
  author = {Konstantin Androsov},
  title = {Deep Tau ID Meetting Calcolo CMS Italia},
  year = 2019,
  url = {https://indico.cern.ch/event/819693/contributions/3438506/attachments/1858497/3053529/2019-06-07_DeepTau_ID.pdf},
  urldate = {2019-06-07}
  }
